2934 4117
246 147 280 209 [4
638 164 868 234 illelomortrbolen.

239 357 317 418 quos
339 336 371 400 in
394 343 520 420 pectore
542 336 671 418 hahent,
695 358 773 419 quos
794 358 848 403 ore
870 345 902 403 et
924 340 1053 405 naribus
1076 338 1195 420 efflant,

239 440 271 502 in
294 445 439 523 promptu
460 458 572 523 regere
594 445 655 504 est:
678 440 734 504 vix
756 460 808 505 me
830 442 1000 524 patiuntur,
1023 442 1078 506 ubi
1101 461 1189 506 acres
1300 463 1336 511 ss

239 542 397 606 incaluere
419 542 526 623 animi,
550 543 720 625 cervixque
742 549 899 628 repugnat
920 544 1061 610 habenis.

239 652 273 709 at
294 651 338 727 tu,
360 645 477 710 funesti
500 664 541 709 ne
563 645 622 711 sim
645 646 703 711 tibi
725 647 864 711 muneris
886 653 1003 738 auctor,

240 754 324 829 nate,
347 767 434 829 cave,
457 747 533 812 dum
554 768 667 831 resque
690 750 774 829 sinit,
797 756 852 813 tna
875 750 993 833 corrige
1015 758 1099 815 vota.

240 851 359 916 scilicet
380 859 415 915 ut
437 858 542 917 nostro
564 853 706 935 genitum
727 858 760 916 te
782 853 936 936 sanguine
959 853 1077 933 credas,

240 954 374 1038 pignora
395 961 481 1019 certa
502 955 598 1039 petis:
622 954 662 1019 do
684 955 819 1039 pignora
841 962 925 1019 certa
946 955 1087 1021 timendo
1302 977 1336 1025 co

241 1064 273 1121 et
294 1057 394 1141 patrio
416 1064 506 1141 pater
528 1077 597 1123 esse
620 1066 704 1122 metu
726 1058 848 1143 probor.
872 1057 1000 1142 adspice
1022 1060 1127 1124 nultus

240 1180 314 1224 cccc
336 1180 437 1243 me0s3
460 1161 644 1242 utinamque
666 1162 771 1226 oculos
793 1161 826 1223 in
849 1167 976 1245 pectora
997 1181 1105 1244 posses

240 1263 377 1328 inserere
401 1270 432 1327 et
453 1263 571 1348 patrias
593 1265 677 1329 intus
699 1264 894 1347 deprendere
916 1266 1020 1329 curas!

241 1366 378 1449 denique
401 1366 548 1449 quicquid
571 1367 668 1431 habet
690 1368 789 1448 dives,
813 1367 1025 1451 circumspice,
1049 1368 1193 1449 mundus,

241 1489 321 1551 eque
343 1476 389 1535 tot
409 1490 448 1534 ae
470 1470 565 1534 tantis
588 1470 666 1534 caeli
689 1476 853 1552 terraeque
875 1471 1031 1552 marisque
1302 1491 1337 1539 as

242 1592 335 1656 posce
355 1573 448 1638 bonis
469 1572 602 1654 aliquid:
625 1573 743 1636 nnllam
766 1573 885 1656 patiere
907 1574 1074 1657 repulsam.

242 1673 392 1759 deprecor
414 1674 473 1739 hoc
495 1694 602 1754 unum,
626 1675 710 1756 quod
732 1695 806 1739 vero
829 1676 955 1739 nomine
978 1695 1089 1759 poena,

242 1799 305 1842 non
327 1778 426 1842 honor
448 1784 509 1843 est:
533 1798 677 1862 poenam,
700 1778 875 1859 Phaethon,
898 1797 954 1861 pro
977 1797 1106 1842 munere
1128 1779 1240 1862 poscis.

242 1879 318 1963 qnid
340 1901 411 1945 mea
434 1882 513 1946 colla
534 1887 624 1946 tenes
645 1880 781 1962 blandis,
804 1881 925 1965 ignare,
947 1882 1095 1945 lacertis?

242 2005 282 2048 ne
305 1984 424 2066 dubita,
448 1983 637 2049 dabitur-
660 1984 790 2067 Stygias
811 1984 982 2049 iuravimus
1005 1982 1106 2048 undas
1129 2022 1171 2031 —-

243 2087 460 2170 quodcumque
482 2087 615 2171 optaris;
639 2087 695 2153 sed
717 2095 752 2151 tu
774 2088 948 2172 sapientius
970 2094 1052 2171 opta.

285 2191 424 2256 Finierat
446 2190 589 2255 monitus.
614 2190 706 2255 dictis
728 2196 834 2254 tamen
856 2191 909 2255 ille
930 2197 1086 2275 repugnat

243 2294 497 2378 propositumque
518 2294 632 2377 premit
653 2291 829 2376 flagratque
852 2292 999 2376 cupidine
1021 2311 1138 2357 currus.

244 2418 327 2481 ergo,
351 2417 413 2478 qua
435 2396 532 2476 licuit,
555 2396 679 2479 genitor
701 2401 866 2460 cunctatus
887 2395 930 2460 ad
951 2397 1031 2461 altos

243 2500 369 2565 deducit
390 2500 546 2579 iuvenem,
570 2499 721 2564 Volcania
743 2518 883 2580 munera,
907 2519 1022 2564 conus.

243 2621 356 2667 aurens
377 2602 448 2667 axis
470 2608 546 2682 erat,
571 2608 653 2665 temo
675 2621 798 2683 aureus,
821 2622 919 2665 aurea
941 2621 1082 2666 summae

244 2710 409 2774 curvatura
430 2710 526 2784 rotae,
549 2702 707 2768 radiorum
729 2710 897 2788 argenteus
919 2703 1004 2768 ordo.

243 2827 300 2892 per
321 2807 396 2891 iuga
418 2806 602 2889 chrysolithi
623 2807 808 2889 positaeque
831 2826 872 2870 ex
894 2806 1003 2871 ordine
1025 2826 1171 2888 gemmae

244 2911 328 2976 clara
349 2928 531 2992 repercusso
553 2907 728 2973 reddebant
750 2909 870 2972 lumina
891 2909 1028 2974 Phoebo.

244 3013 381 3095 dumque
405 3032 443 3076 ea
465 3010 686 3094 magnanimus
707 3010 872 3075 Phaethon
894 3011 1025 3075 miratur
1047 3031 1187 3094 opusque
1291 3032 1340 3078 110

244 3114 402 3201 perspicit,
426 3134 499 3179 ecce
521 3114 597 3198 vigil
620 3113 719 3180 nitido
742 3112 893 3198 patefecit
914 3115 954 3178 ab
977 3121 1047 3178 ortu

244 3237 416 3303 purpureas
438 3219 560 3282 Aurora
581 3216 663 3281 iores
686 3224 718 3281 et
740 3218 835 3301 plena
855 3226 995 3282 rosarum

244 3320 333 3386 atria.
358 3318 527 3403 diffugiunt
548 3319 666 3400 stellae,
691 3339 821 3400 quarum
844 3320 973 3403 agmina
994 3320 1077 3403 cogit

244 3423 371 3489 Lucifer
393 3429 425 3487 et
447 3424 525 3487 caeli
548 3422 682 3488 statione
704 3422 892 3488 novissimus
915 3423 989 3487 exit.

246 3546 339 3609 quem
361 3532 468 3609 petere
490 3533 524 3590 nt
546 3532 646 3591 terras
667 3524 882 3607 mundumque
904 3526 1070 3590 rubescere
1092 3524 1171 3588 vidit

246 3648 424 3710 cornuaque
447 3636 607 3693 extremae
628 3629 716 3692 velut
739 3648 928 3693 evanescere
950 3629 1053 3708 lunae,

246 3732 377 3816 iungere
400 3750 496 3813 equos
518 3731 611 3796 Titan
635 3731 796 3796 velocibus
818 3731 951 3815 imperat
973 3731 1073 3796 Horis
