2934 4117
303 144 344 208 90
703 158 934 229 iltstcmurppulsrr.

168 337 175 352 '
302 331 387 400 hunc
408 339 514 398 tomen
536 331 654 398 utilitas
676 333 783 418 populi
805 332 964 415 fraterque
986 332 1114 416 datique

302 456 425 502 summa
446 443 552 502 movet
573 436 697 520 sceptri,
719 433 845 501 laudem
867 440 903 501 ut
925 455 995 500 cum
1017 436 1172 520 sanguine
1194 442 1314 520 penset.

207 532 209 536 ⁸
302 541 408 617 mittor
431 538 525 604 etad
547 545 688 621 matrem,
712 559 793 622 quae
816 559 880 605 non
901 537 1066 631 humanda,
1089 537 1147 604 sed
1167 544 1237 603 astu

302 641 490 727 decipienda
511 643 580 707 fuit.
613 663 673 726 quo
696 642 723 708 si
744 642 946 708 Telamonius
968 642 1054 724 isset,
1344 661 1393 709 uro

303 746 380 811 orba
401 745 466 824 suis
488 752 594 811 essent
616 745 711 817 etiam
732 765 818 811 nunc
840 746 938 811 lintea
960 746 1072 811 ventis.

200 935 202 938 v
345 849 451 915 Mittor
473 855 505 915 et
526 849 640 915 Iliacas
661 847 768 914 audax
791 855 895 916 orator
915 846 957 913 ad
979 869 1077 931 arces,

303 952 432 1035 visaque
455 952 487 1018 et
508 951 625 1017 intrata
647 958 694 1018 est
716 952 800 1019 altae
822 952 900 1016 mihi
922 953 1008 1017 curia
1029 951 1150 1018 troiae.

276 1093 279 1098 -
303 1056 459 1140 plenaque
480 1054 585 1120 adhuc
608 1061 674 1121 erat
695 1055 751 1121 illa
772 1055 856 1121 viris.
891 1055 1050 1121 interritus
1073 1057 1133 1140 egi,

305 1177 398 1240 quam
420 1158 498 1223 mihi
519 1157 685 1224 mandarat
706 1178 904 1225 communem
927 1158 1060 1226 Graecia
1082 1178 1217 1240 oausam,
1346 1178 1397 1227 ars

303 1280 479 1344 accusoque
500 1261 596 1327 Parin
618 1262 830 1346 praedamque
852 1262 1068 1345 Helenamque
1089 1281 1218 1347 reposco

304 1370 335 1430 et
357 1384 468 1431 moveo
490 1366 648 1431 Priamum
671 1366 858 1448 Priamoque
880 1365 1043 1431 Antenora
1063 1365 1213 1431 iunctum.

303 1475 337 1533 at
358 1468 448 1535 Puris
470 1476 502 1534 et
523 1469 636 1534 fratres
658 1476 690 1534 et
712 1469 765 1552 qui
787 1487 918 1554 rapuere
941 1470 998 1534 sub
1022 1468 1083 1549 illo,

304 1571 361 1638 vix
383 1577 512 1637 tenuere
534 1592 646 1637 manus
668 1610 710 1618 —
732 1571 795 1638 scis
817 1569 886 1653 hoc,
909 1572 1052 1637 Menelat
1074 1609 1116 1620 -
1138 1568 1303 1651 nefandas,

304 1676 467 1758 primaque
488 1676 544 1739 lux
567 1675 664 1741 nostri
686 1681 790 1740 tecum
812 1672 872 1739 fuit
893 1674 946 1739 illa
968 1674 1084 1759 pericli.
1147 1718 1151 1726 ‹

305 1778 400 1862 longa
421 1778 538 1844 referre
560 1799 647 1844 mora
670 1784 727 1860 est,
751 1798 832 1862 quae
854 1777 1045 1861 consilioque
1067 1797 1225 1859 manuque
1258 1792 1260 1796 ·

304 1879 422 1947 utiliter
443 1881 504 1946 feci
527 1882 656 1967 spatiosi
678 1888 818 1968 ternpore
839 1880 923 1947 belli.

304 1989 376 2069 post
397 1985 482 2050 acies
504 1985 621 2070 primas
643 1985 730 2052 urbis
753 2005 788 2052 se
810 1984 974 2051 moenibus
995 1983 1102 2051 hostes

306 2087 486 2153 continuere
508 2087 572 2169 diu,
594 2106 654 2154 nec
676 2088 777 2173 aperti
799 2086 890 2173 copia
911 2088 1020 2154 Martis

304 2191 368 2256 ulla
390 2191 462 2257 fuit:
486 2190 608 2258 decimo
629 2192 756 2259 demum
778 2190 990 2277 pugnavimus
1011 2210 1103 2256 anno.

305 2294 380 2377 quid
402 2294 482 2361 ficis
502 2296 633 2377 interea,
657 2295 710 2379 qui
731 2294 777 2361 nil
798 2295 861 2362 nisi
883 2296 1001 2381 proelia
1022 2294 1127 2361 nosti?

305 2398 376 2480 quis
396 2405 469 2464 tuus
490 2418 565 2464 usus
588 2399 680 2463 erat?
702 2418 777 2465 nam
800 2398 827 2465 si
849 2418 921 2464 mea
942 2397 1029 2463 facta
1050 2396 1192 2481 requiris,

305 2500 446 2568 hostibus
467 2501 607 2584 insidior,
631 2502 748 2569 classes
771 2503 942 2569 munimine
965 2502 1067 2586 cingo,
1104 2526 1106 2530 ⁴

305 2605 445 2671 consolor
467 2604 577 2686 socios,
600 2611 635 2671 ut
655 2606 742 2691 longi
764 2605 871 2671 taedia
893 2605 965 2670 belli

304 2713 409 2772 mente
431 2707 536 2773 ferant
556 2708 691 2793 placida,
714 2708 821 2791 doceo,
846 2727 906 2792 quo
928 2708 1026 2774 simus
1047 2705 1153 2773 alendi

305 2810 510 2895 armandique
531 2811 634 2894 modo,
657 2812 772 2892 mittor,
796 2832 857 2895 quo
879 2812 1016 2899 postulat
1037 2830 1120 2877 usus.

305 2933 379 2980 ecce
400 2915 485 2981 Iovis
506 2916 637 2997 monitu,
660 2915 811 3000 deceptus
833 2914 971 3000 imagine
994 2913 1104 2997 somni,

304 3036 361 3083 rex
383 3017 470 3084 iubet
490 3019 608 3104 incepti
631 3037 738 3085 curam
760 3017 917 3085 dimittere
939 3017 1023 3084 belli.

304 3121 356 3186 ille
377 3128 481 3205 potest
502 3128 628 3188 auctore
651 3141 740 3187 suam
764 3121 934 3188 defendere
956 3141 1074 3188 vocem.

304 3244 367 3290 non
389 3225 473 3290 sinat
494 3223 554 3290 lrec
575 3226 659 3290 Aiax
682 3223 880 3308 delendaque
901 3225 1057 3309 Pergama
1078 3229 1197 3308 poscat,

305 3324 450 3410 quodque
471 3334 584 3412 potest,
607 3329 741 3413 pugnet!
777 3348 914 3395 omnen
938 3332 1112 3393 remoratur
1133 3325 1253 3391 ituros?
1380 3324 1383 3327 “

304 3447 359 3494 cur
379 3449 442 3495 non
466 3451 554 3496 arma
576 3432 669 3517 capit,
693 3430 758 3514 dat,
782 3429 866 3515 quod
887 3451 971 3517 vaga
992 3430 1086 3496 turba
1108 3427 1279 3512 sequatur?

303 3550 367 3597 non
390 3539 458 3598 erat
479 3534 539 3600 hoc
561 3535 690 3599 nimium
713 3555 874 3617 nunquam
897 3534 958 3601 nisi
980 3553 1097 3618 magna
1119 3530 1266 3615 loquenti.

304 3632 389 3716 quid,
413 3635 496 3717 quod
519 3642 550 3702 et
571 3638 640 3722 ipse
661 3638 765 3721 fugit?
787 3637 863 3721 vidi,
886 3636 1060 3724 puduitque
1081 3634 1199 3718 ridere,

305 3752 375 3801 cum
397 3744 431 3803 tu
453 3745 542 3824 terga
564 3739 656 3806 dares
678 3740 907 3826 inhonestaque
930 3741 1000 3805 vela
1022 3758 1158 3825 pareres.
