2934 4117
258 188 294 250 12
338 243 341 248 >
650 202 882 272 illatoruotpboleu,
972 285 974 287 Ι

253 375 443 456 tlunrinaque
466 381 497 439 et
519 375 688 459 Nymphas
710 381 742 439 et
765 382 869 440 cetera
890 377 1020 441 numina
1041 377 1129 441 ruris.

252 476 331 541 baec
353 477 615 561 superimposita
637 484 686 543 est
708 478 787 542 caeli
808 478 958 562 fulgentis
980 480 1085 563 imago
1153 501 1156 506 ’

253 580 405 664 signaque
427 600 485 646 sex
508 580 627 646 foribus
649 580 771 645 dextris
793 580 986 663 totidemque
1008 583 1151 647 sinistris,

295 682 364 760 Quo
387 684 480 749 simul
501 684 621 748 acclivo
645 684 831 766 Clymeneia
852 685 951 750 limite
973 686 1076 769 proles

252 786 340 851 veuit
362 793 393 850 et
415 786 546 851 intravit
568 785 702 851 dubitati
725 792 808 850 tecta
830 788 979 870 parentis,

139 971 141 975 v
252 889 394 974 protinus
416 889 458 953 ad
480 889 598 974 patrios
620 909 677 954 sua
698 889 761 953 lert
783 890 918 973 vestigia
939 891 1044 955 vultus

254 992 456 1075 consistitque
478 991 600 1076 procul;
624 1012 726 1074 neque
750 993 834 1057 enim
857 994 1002 1077 propiora
1023 993 1145 1059 ferebat

253 1095 379 1159 lumina.
403 1114 561 1179 purpurea
584 1095 706 1160 velatus
728 1100 817 1160 veste
839 1094 970 1159 sedebat

252 1197 286 1261 in
309 1197 386 1262 solio
407 1196 554 1263 Phoebus
577 1198 669 1262 elaris
691 1198 816 1262 lucente
838 1197 1021 1281 smaragdis.

253 1320 273 1362 a
295 1298 407 1364 dexba
427 1299 581 1382 laevaque
603 1299 680 1364 Dies
703 1305 735 1363 et
756 1300 873 1365 Mensis
895 1306 927 1363 et
948 1302 1060 1366 Annus

253 1403 448 1484 Saeculaque
470 1409 502 1468 et
523 1403 644 1487 positae
666 1402 777 1486 spatiis
798 1403 983 1484 aequalibus
1005 1403 1118 1484 Horae,

254 1505 378 1587 Verque
400 1525 517 1571 novum
539 1506 645 1571 stabat
667 1505 804 1570 cinctum
825 1503 957 1570 florente
979 1525 1102 1571 corona.

254 1609 359 1672 stabat
380 1608 467 1673 nuda
488 1609 603 1674 Aestas
625 1615 657 1674 et
679 1607 787 1692 spicea
809 1615 892 1673 serta
914 1609 1055 1691 gerebat,

254 1713 359 1776 stabat
381 1718 413 1777 et
434 1712 622 1792 Autumnus,
646 1712 774 1777 calcatis
797 1711 940 1777 sordidus
965 1712 1045 1795 uvis,

254 1820 286 1880 et
307 1815 449 1899 glacialis
472 1815 592 1896 Hiems,
616 1834 711 1881 caum
733 1814 854 1879 hirsuta
876 1815 1012 1899 capillos.

255 1917 330 1983 iude
351 1919 419 1983 loco
442 1916 564 1982 medius
586 1938 689 1983 rerum
712 1918 852 1982 novitate
874 1924 1043 2001 paventem

255 2021 308 2086 Sol
330 2020 427 2086 oculis
449 2021 605 2101 iuvenem,
629 2019 743 2103 quibus
765 2019 900 2104 adspicit
921 2022 1035 2102 omnia,
1059 2021 1140 2086 vidit

255 2117 359 2206 ‘quae'
382 2144 443 2206 que
464 2117 547 2189 ‘viae
569 2123 626 2188 tibi
650 2123 767 2188 causa?
791 2122 867 2206 quid
889 2120 959 2188 hao'
980 2124 1026 2188 ait
1047 2117 1131 2189 ‘arce
1154 2125 1268 2209 petisti,

257 2227 431 2311 progenies,
454 2227 628 2308 Phaethon,
652 2227 737 2291 haud
759 2226 924 2291 infitianda
946 2224 1102 2311 pareutil'

256 2331 307 2396 ille
329 2330 438 2396 refert:
462 2323 491 2395 ‘o
513 2331 569 2394 lux
591 2329 737 2394 immensi
759 2330 885 2413 publica
907 2329 1024 2411 muudi,

255 2433 383 2499 Phoebe
404 2440 502 2518 pater,
526 2435 553 2499 ai
575 2432 633 2499 das
655 2453 746 2499 usum
769 2432 846 2497 mibi
868 2434 1004 2499 nominis
1025 2434 1127 2515 buius,

255 2539 389 2621 pignora
411 2538 462 2619 da,
484 2538 617 2622 genitor,
641 2557 697 2621 per
719 2556 801 2619 quae
822 2544 877 2602 tua
899 2557 974 2601 vera
995 2559 1135 2622 propago

257 2640 375 2721 credar,
398 2646 430 2704 et
452 2640 670 2705 hunc-animis
694 2659 828 2705 errorem
851 2639 981 2705 detrahe
1004 2638 1139 2706 nostris‘

257 2743 389 2807 dixerat.
423 2748 457 2808 at
478 2743 603 2826 genitor
625 2742 742 2808 circum
765 2749 859 2827 caput
881 2763 973 2807 omne
995 2744 1147 2810 micantes

257 2845 401 2929 deposuit
421 2845 528 2912 radios
549 2846 740 2930 propiusque
762 2844 913 2910 accedere
935 2845 1041 2928 iussit;

257 2949 468 3033 amplexuque
490 2948 564 3013 dato
587 2941 657 3013 ‘uec
678 2954 713 3012 tu
735 2967 824 3013 meus
846 2967 916 3013 esse
938 2949 1049 3030 negari

258 3052 373 3137 diguus
395 3072 440 3132 es,
463 3058 494 3117 et
517 3052 671 3135 Clymene
692 3047 795 3116 veros’
816 3051 862 3114 ait
883 3043 992 3116 ‘edidit
1014 3058 1108 3117 ortus.

258 3174 381 3239 quoque
402 3154 506 3220 miuus
529 3154 664 3236 dubites,
688 3153 821 3237 quodvis
843 3161 916 3237 pete
938 3174 1061 3235 munus,
1084 3155 1218 3219 utillud

258 3279 308 3325 me
331 3258 488 3323 tribuente
509 3258 602 3323 feras.
626 3257 788 3342 promissis
810 3258 899 3322 testis
921 3257 1031 3321 adesto

259 3363 308 3428 dis
329 3361 462 3427 iuranda
483 3361 583 3447 palus,
606 3362 704 3427 oculis
725 3360 887 3443 incognita
908 3357 1044 3426 nostris?

259 3466 314 3530 vix
336 3464 418 3530 bene
440 3462 587 3544 desierat,
610 3484 717 3529 currus
740 3470 831 3547 rogat
852 3463 904 3527 ille
926 3470 1074 3547 paternos

241 3566 354 3650 >inque
375 3567 460 3631 diem
481 3567 640 3652 alipedum
662 3567 711 3632 ius
734 3573 765 3631 et
787 3566 986 3632 moderamen
1010 3585 1168 3648 equorum.

301 3670 460 3735 Paenituit
482 3671 601 3736 iurasse
622 3677 753 3754 patrem.
778 3669 831 3752 qui
853 3677 962 3751 terque
984 3677 1157 3752 quaterque

259 3774 441 3840 concutiens
462 3774 581 3841 illustre
603 3781 697 3858 caput
719 3758 905 3839 ‘temeraria'
927 3772 1010 3840 dixit
