2934 4117
256 186 316 249 162
586 201 699 271 dtcpicu:
720 202 770 255 ΙΙΙ.
789 201 949 271 stthclicbcr.

254 375 380 457 credite,
404 373 532 461 defieic;
556 382 723 457 nostreque
746 395 766 438 a
789 395 915 458 ccrpcre
939 381 1090 457 quantum

295 498 439 562 augurer,
462 478 618 544 accedunt
640 484 781 561 tempera
802 498 902 561 parva
923 477 1023 544 malis.

252 602 327 646 narn
346 600 449 665 neque
470 588 544 648 sunt
565 581 658 663 vires,
681 602 741 646 nce
764 581 817 663 qui
840 581 923 645 color
945 600 1014 647 esse
1036 582 1170 647 solebat:

295 686 351 751 vix
373 686 475 751 habeo
497 691 633 766 tenuem,
657 704 737 767 quae
761 690 848 767 tegat
870 704 950 763 essa,
974 691 1086 749 cutem.

165 783 166 787 ’
253 808 381 872 corpore
403 787 460 854 sed
482 808 571 854 mens
594 794 642 854 est
663 808 759 871 aegre
782 787 883 872 magis
904 806 1009 870 aegra,
1032 788 1168 870 malique

241 934 243 938 ι
296 893 329 956 in
350 892 578 976 circumspectu
601 898 663 956 stat
686 892 754 956 sine
777 890 840 955 fine
862 891 919 956 sui.

253 994 340 1061 urbis
362 995 451 1060 abest
473 995 581 1076 facies,
603 997 728 1076 absunt,
752 1015 824 1059 mea
846 1014 929 1075 cura,
953 994 1086 1076 sedales,
1168 1052 1171 1057 ,

297 1105 337 1178 et,
361 1118 423 1180 qua
445 1099 531 1163 nulla
553 1097 631 1162 mihi
654 1099 763 1180 carior,
786 1117 866 1162 uxor
887 1098 987 1161 abest.

253 1201 367 1285 vulgus
389 1200 480 1266 adest
502 1200 685 1285 Scythicum
702 1202 900 1283 bracataque
921 1202 1014 1266 turba
1037 1201 1194 1266 Getarum.

297 1304 342 1368 sic
364 1324 425 1385 me,
449 1323 529 1386 quae
552 1303 644 1368 video
666 1324 730 1369 ncn
752 1303 917 1386 videoque,
941 1310 1077 1368 movent.

215 1456 223 1488 ,
237 1460 238 1463 ,
254 1427 318 1470 una
340 1414 445 1472 tamen
469 1426 541 1492 spes
564 1413 620 1488 est,
644 1426 725 1488 quae
748 1427 798 1472 rne
821 1408 937 1472 soletur
957 1406 990 1470 in
1012 1406 1091 1488 istis,

298 1510 376 1575 haec
398 1510 464 1576 fere
486 1518 585 1576 mcrte
607 1530 679 1575 mea
701 1531 764 1574 nnn
787 1510 935 1575 diuturna
957 1511 1049 1574 mala.
1127 1516 1129 1521 '

575 1690 606 1761 6.
629 1693 686 1761 tta
709 1695 801 1761 sicca
823 1694 966 1762 iassab.

256 1819 282 1885 0
306 1819 369 1901 qui,
393 1820 571 1886 nominibus
594 1840 664 1886 curn
687 1821 729 1885 sis
752 1840 923 1904 generosus
945 1840 1084 1900 avorum,

235 1985 237 1990 .
299 1942 470 2007 exsuperas
491 1943 612 1988 merum
634 1923 797 1989 nobilitate
819 1942 934 2006 genus:

256 2026 343 2091 cuius
365 2027 448 2093 inest
468 2028 573 2092 anime
595 2027 689 2112 patrii
711 2027 856 2092 candoris
878 2028 993 2112 imago,

298 2150 363 2195 non
386 2137 490 2195 careat
512 2130 618 2195 nervis
641 2129 759 2195 candor
780 2136 815 2194 ut
836 2131 897 2195 iste
919 2130 998 2195 suis:

257 2232 344 2297 cuius
366 2234 399 2297 in
422 2234 550 2318 ingenio
573 2239 621 2298 est
642 2233 764 2316 patriae
786 2232 936 2298 facundia
956 2233 1093 2316 linguae,

300 2356 363 2417 qua
383 2337 468 2420 prior
488 2337 521 2400 in
544 2335 634 2400 Latio
657 2356 719 2402 non
742 2335 802 2400 fuit
824 2336 888 2400 ulla
909 2336 990 2400 foro:

257 2438 340 2520 quod
362 2439 490 2503 minime
512 2438 607 2521 vetui,
629 2439 740 2523 positis
761 2459 818 2523 pro
839 2439 967 2505 nemine
990 2438 1087 2522 signis

301 2540 402 2606 dictus
425 2562 472 2606 es:
495 2541 641 2625 ignoscas
662 2541 808 2607 laudibus
830 2541 899 2626 ipse
921 2542 992 2607 tuis.

258 2645 302 2709 nil
324 2665 384 2728 ego
405 2646 551 2730 peccavi:
574 2650 628 2710 tua
650 2650 681 2709 te
702 2646 788 2710 bona
810 2645 937 2728 cognita
957 2644 1103 2728 produnt.

301 2747 327 2813 si
350 2747 433 2830 quod
454 2767 499 2829 es,
522 2767 667 2832 appares,
691 2748 784 2831 culpa
806 2748 907 2812 seluta
928 2766 1000 2811 mea
1023 2752 1078 2811 est.

257 2870 317 2915 nee
338 2856 445 2915 tamen
467 2850 606 2916 officinm
628 2856 733 2915 nestro
756 2850 814 2915 tibi
836 2850 974 2914 carmine
996 2849 1113 2914 factum

301 2953 444 3038 principe
467 2960 532 3019 tarn
554 2954 635 3019 iusto
657 2972 751 3037 posse
773 2972 886 3018 nocere
907 2959 992 3037 pute.

258 3056 327 3141 ipse
348 3063 439 3140 pater
460 3057 580 3141 patriae
602 3095 645 3104 -
667 3055 743 3138 quid
766 3057 850 3121 enim
872 3062 920 3121 est
941 3055 1064 3121 civilius
1085 3054 1161 3119 illc?
1183 3093 1225 3101 -

302 3160 436 3225 sustinet
456 3159 489 3224 in
512 3166 618 3225 nostro
642 3160 781 3225 carmine
803 3179 899 3243 saepe
921 3159 994 3242 legi.

258 3282 318 3328 nee
341 3261 507 3347 prohibere
529 3268 641 3347 petest,
665 3263 739 3345 quia
760 3282 811 3327 res
834 3269 882 3328 est
903 3261 1030 3346 publica
1052 3261 1178 3341 Caesar,
1305 3286 1337 3332 ιε)

302 3365 396 3431 etde
418 3366 575 3430 communi
596 3386 671 3450 pars
693 3385 817 3448 queque
839 3373 947 3430 nostra
968 3364 1050 3429 bono
1073 3369 1130 3429 est.

259 3470 400 3554 Iuppiter
421 3470 559 3553 ingeniis
580 3471 711 3554 praebet
733 3490 791 3535 sua
812 3469 942 3534 numina
964 3474 1072 3533 vatum

302 3592 399 3654 seque
422 3572 574 3639 celebrari
597 3573 736 3656 quolibet
758 3594 810 3639 ore
833 3573 916 3639 sinit.

261 3693 357 3739 causa
380 3681 434 3740 tua
457 3678 603 3761 exempto
625 3696 808 3761 superorum
831 3682 899 3742 tuta
921 3675 1052 3741 ducrum
1076 3680 1131 3757 est,

304 3795 434 3858 quorum
456 3776 509 3842 hic
530 3779 710 3864 adspicitur,
734 3780 870 3846 creditur
890 3779 944 3846 ille
966 3779 1052 3845 deus.
1304 3800 1340 3848 20
