2934 4117
248 125 290 190 42
406 212 409 219 Ι
640 137 890 207 btetumctpbclen.'

247 322 281 380 at
302 314 363 380 sibi
385 312 441 378 dat
462 311 606 400 clipeum,
629 311 684 376 dat
706 317 817 377 acutae
839 309 977 395 cuspidis
998 309 1131 393 hastam,

247 416 303 481 dat
324 416 449 500 galeam
472 415 580 499 capiti;
603 412 784 478 defenditur·
804 412 918 497 aegide
939 420 1058 497 pectus,
1289 434 1322 481 rc

247 538 491 606 percussamque
514 538 571 584 sua
593 517 720 583 simulat
741 514 785 582 de'
805 516 934 601 cuspide
956 522 1071 581 terram

249 623 342 689 edere
365 642 436 688 cum
457 621 546 687 bacis
568 619 667 686 fetum
689 620 833 686 canentis
854 620 958 686 olivae

248 727 416 809 mirarique
437 725 528 791 deos:
551 723 655 809 open‘s
676 723 808 789 victoria
828 722 909 788 finis.

290 829 432 898 Maeonis
454 828 573 894 elusam
596 825 743 911 designat
764 826 903 911 imagine
926 825 1007 892 tauri
1255 912 1257 915 Ι

199 956 201 960 ’
248 934 420 1017 Europam3
443 951 553 997 verum
575 936 707 1011 taurum,
730 930 812 995 freta
833 949 909 995 vera
929 935 1065 1013 putares.
1290 950 1323 998 ac

250 1036 318 1119 ipsa
340 1034 507 1101 videbatur
528 1040 628 1099 terras
650 1039 793 1117 spectare
815 1033 941 1099 relictas

250 1146 281 1205 et
303 1138 432 1204 comites
455 1138 590 1203 clamare
612 1156 686 1202 suas
708 1143 889 1218 tactumque
911 1136 1033 1202 vereri·
1163 1193 1164 1196 ,

248 1241 423 1307 adsilientis
444 1261 545 1323 aquae
568 1239 757 1322 timidasque
778 1239 928 1305 reducere
950 1240 1084 1323 plantas.

251 1345 360 1411 ultima
380 1365 454 1428 pars
477 1345 559 1410 telae
581 1344 669 1409 terrui
692 1342 885 1408 circumdata
905 1343 1001 1408 limbo

249 1448 407 1514 nexilibus
429 1447 521 1514 flores
542 1446 668 1512 hederis
689 1447 787 1512 babet
808 1446 1002 1511 intertextus.
1291 1465 1323 1513 aa

291 1551 364 1616 Non
386 1549 463 1615 illud
485 1550 598 1630 Pallas,
621 1569 685 1615 non
707 1549 785 1614 illud
806 1568 935 1633 carpere
956 1549 1052 1614 Livor

249 1654 348 1739 possit
369 1673 456 1738 opus.
502 1651 600 1719 doluit
622 1672 769 1718 successu
791 1651 875 1718 flava
896 1652 1014 1735 virago,

250 1764 346 1840 utque
369 1756 536 1841 Cytoriaco
557 1755 680 1820 radium
702 1755 743 1820 de
765 1762 872 1821 monte
893 1756 1032 1836 tenebat,

250 1867 297 1926 tcr
319 1866 429 1944 quater
451 1859 614 1925 Idmoniae
635 1859 771 1949 frontem
793 1859 948 1944 percussit
969 1858 1139 1924 Arachnes.

249 1984 313 2029 non
335 1963 405 2029 tulit
426 1962 538 2028 infelix
559 1962 735 2046 laqueoque
756 1962 898 2028 animosa
918 1962 1031 2046 ligavit
1291 1982 1325 2029 eu

249 2072 385 2151 guttura.
429 2066 621 2151 pendentem
643 2066 751 2132 Pallas
772 2067 920 2132 miserata
941 2066 1059 2131 levavit

249 2176 345 2253 atque
366 2170 411 2234 ita
433 2164 516 2235 ‘rive
539 2168 676 2252 quidem,
699 2169 804 2254 pende
825 2175 942 2250 tamen,
965 2163 1127 2253 improba,
1151 2166 1240 2247 dixit,

250 2268 376 2356 ‘lexque
399 2272 509 2338 eadem
532 2291 663 2357 poenae,
686 2293 728 2339 ne
749 2273 794 2339 sis
815 2293 925 2338 secura
946 2272 1052 2353 futuri,

250 2377 335 2441 dicta
356 2382 410 2441 tuo
431 2376 541 2460 generi
563 2376 704 2459 serimue
725 2376 893 2460 nepotibus
915 2371 1003 2442 esto.³

250 2485 321 2564 post
343 2498 381 2543 ea
403 2477 569 2545 discedens
591 2479 675 2544 sucis
696 2478 886 2544 Hecateidos
907 2479 1024 2545 herbae

251 2582 377 2667 sparsit3
401 2588 434 2647 et
455 2582 614 2666 extemplo
635 2582 716 2648 tristi
739 2582 946 2647 medicamine
967 2590 1070 2648 tactae

251 2684 411 2750 defluxere
434 2703 552 2766 comae,
576 2704 647 2750 cum
670 2685 739 2767 quis
762 2691 794 2749 et
815 2685 900 2750 naris
922 2691 954 2750 et
975 2704 1076 2766 aures,

250 2788 347 2870 fitque
370 2793 464 2871 caput
485 2787 659 2869 minimum,
682 2793 747 2852 toto
770 2807 893 2870 quoque
916 2807 1043 2872 corpore
1065 2808 1164 2872 parva
1186 2795 1247 2853 est:

250 2891 284 2956 in
305 2891 404 2955 latere
427 2889 526 2955 exiles
548 2889 639 2974 digiti
661 2911 717 2974 pro
740 2891 881 2956 cruribus
902 2891 1043 2973 haerent,

251 3001 355 3059 cetera
376 3000 487 3058 venter
508 2992 618 3058 babet:
642 2993 683 3059 de
704 3014 766 3076 quo
787 3001 894 3060 tamen
916 2995 971 3060 illa
992 2995 1122 3061 remittit
1292 3014 1342 3061 roo

251 3104 373 3162 stamen
396 3102 428 3161 et
449 3095 595 3178 antiquas
617 3103 744 3162 exercet
765 3115 884 3161 aranea
905 3097 993 3163 telas.

664 3372 718 3444 14.
749 3376 862 3444 iliata.

293 3528 417 3610 titusque,
438 3529 490 3592 eine
508 3528 611 3611 iubildu
625 3531 777 3611 bunqtcuu,
798 3534 865 3610 butte
884 3532 922 3594 bie
936 3531 1033 3611 limene
1052 3551 1083 3613 pu
1102 3532 1182 3595 cinctu
1196 3532 1279 3597 acea

252 3622 348 3699 temple
370 3622 399 3684 in
421 3625 464 3685 ber
486 3622 633 3703 lattebah
659 3626 832 3707 uutgcfcrbcrt
852 3628 906 3688 aab
929 3640 985 3687 uua
1006 3640 1057 3689 ban
1080 3629 1123 3689 ber
1145 3634 1279 3707 aquantur

253 3712 348 3779 (dultin
366 3715 395 3778 iu
415 3716 467 3779 ciue
486 3717 594 3798 &piune
612 3720 769 3783 oauuubtlt
786 3723 898 3784 corten.
934 3719 988 3784 uie
1006 3719 1101 3786 Stante
1120 3724 1204 3784 bucon
1222 3721 1279 3783 lum
