2934 4117
275 170 335 234 118
595 187 706 257 ttlegten:
727 189 747 241 1.
767 186 983 257 girgeubgcbinhte.

272 359 348 443 quid
370 359 428 425 tibi
450 380 521 425 oum
544 360 681 445 pelago?
703 367 787 425 terra
809 366 957 427 contenta
978 361 1109 428 fuisses!
1319 384 1350 432 15

316 483 370 528 cur
391 483 454 527 non
477 469 509 527 et
531 463 661 545 caelum,
686 463 779 528 tertia
801 484 909 547 regna,
933 465 1036 548 petis?

272 586 335 648 qua
355 566 438 647 licet,
461 565 604 632 adfectas
627 568 748 632 caelum
771 587 907 650 quoque:
932 569 1049 652 templa
1072 567 1228 649 Quirinus,

314 669 409 734 Liber
432 675 464 736 et
485 669 613 735 Alcides
636 677 668 735 et
690 669 782 736 modo
806 672 923 737 Caesar
944 672 1073 737 hahent.

273 772 409 838 eruimus
431 778 514 838 terra
536 772 668 839 solidum
690 794 747 857 pro
769 774 913 858 frugibus
934 795 1059 840 aurum:

204 938 206 940 ,
315 874 456 959 possidet
476 876 623 942 inventas
645 877 801 960 sanguine
823 877 913 942 miles
935 898 1021 962 opes.

274 978 359 1042 curia
381 979 572 1063 pauperihus
594 980 701 1044 clausa
723 985 785 1065 est3
809 979 864 1044 dat
887 1000 999 1046 census
1021 981 1168 1048 honores:

276 1126 279 1131 ·
315 1081 390 1146 inde
412 1083 519 1166 gravis
540 1083 647 1165 iudex,
670 1082 745 1148 inde
768 1104 896 1150 severus
919 1104 1023 1166 eques.

500 1261 535 1333 4.
558 1265 633 1346 ilat
654 1268 713 1334 oco
736 1264 805 1334 tot
829 1268 885 1334 oco
908 1265 1074 1337 &italica

273 1391 441 1456 Memnona
463 1391 490 1456 si
513 1396 622 1472 mater,
645 1399 746 1457 mater
767 1393 901 1476 ploravit
922 1393 1086 1475 Achillem,

316 1499 347 1558 et
368 1500 503 1577 tangunt
526 1514 658 1578 magnas
680 1494 783 1560 tristia
804 1496 871 1560 lata
894 1496 978 1577 deas,

274 1596 385 1662 flebilis
407 1597 563 1683 indignos,
586 1599 730 1681 Elegeia,
754 1599 840 1664 solve
864 1599 1004 1683 capillos:

315 1720 344 1784 a,
367 1701 460 1765 nimis
483 1720 523 1766 ex
546 1721 620 1766 vcro
643 1722 727 1766 nunc
750 1702 807 1767 tibi
829 1723 943 1767 nomen
967 1703 1039 1767 erit!

273 1804 325 1868 ille
347 1805 392 1869 tui
414 1811 504 1870 vates
526 1805 639 1889 operis
662 1811 717 1869 tua
739 1805 834 1887 fama,
857 1807 999 1871 Tibullus

315 1906 406 1972 ardet
426 1907 460 1970 in
484 1913 652 1989 exstructo,
676 1928 788 1993 corpus
809 1909 914 1992 inane,
937 1909 1022 1993 rogo‘.

274 2030 356 2091 ecoe,
379 2030 457 2094 puer
478 2011 611 2076 Veneris
633 2011 694 2075 fert
716 2030 921 2093 eversamque
943 2012 1122 2096 pharetram

316 2119 348 2177 et
369 2112 485 2177 fractos
507 2133 598 2178 arcus
621 2120 653 2179 et
675 2114 744 2179 sine
766 2114 835 2179 luce
857 2115 969 2179 facem.

273 2214 410 2299 adspice,
430 2214 574 2281 demissis
596 2222 631 2281 ut
654 2223 705 2282 eat
726 2217 912 2283 miserabilis
934 2218 993 2282 alis

314 2325 503 2403 pectoraque
524 2318 642 2385 infesta
663 2320 775 2385 tundat
796 2328 906 2405 aperta
927 2342 1032 2385 manu.

273 2421 435 2506 excipiunt
456 2421 600 2488 lacrimas
623 2424 724 2507 sparsi
746 2445 803 2508 per
825 2425 904 2489 oolla
926 2424 1040 2508 capilli,

315 2544 430 2606 oraque
452 2525 591 2608 singultu
614 2526 811 2591 concutiente
833 2533 955 2591 sonant.

272 2627 376 2693 fratris
398 2625 431 2691 in
453 2628 582 2693 Aeneae
604 2629 650 2694 sic
671 2630 758 2693 illum
782 2630 891 2694 funere
914 2628 1023 2694 dicunt

315 2750 476 2814 egressum
499 2732 599 2815 tectis,
622 2731 754 2817 pulcher
775 2733 852 2817 Iule,
877 2733 947 2799 tuis.

271 2839 305 2897 at
326 2832 407 2897 sacri
429 2840 519 2898 vates
542 2841 574 2899 et
595 2833 702 2900 divum
725 2854 801 2899 cura
822 2836 983 2900 vocamur!

315 2940 389 3000 sunt
411 2936 515 3020 etiam,
539 2937 592 3019 qui
614 2957 672 3002 nos
693 2957 811 3003 numen
834 2937 951 3002 habere
974 2941 1098 3022 putenti

271 3038 391 3103 scilicet
412 3058 504 3103 omne
526 3059 649 3104 sacrum
671 3060 755 3106 mors
777 3039 955 3125 importuna
976 3041 1132 3125 profanat,

314 3141 460 3207 omnihus
482 3143 630 3208 obscuras
652 3143 741 3208 inicit
763 3144 816 3208 illa
838 3165 958 3210 manus.

272 3244 348 3327 quid
369 3251 459 3329 pater
480 3246 620 3327 Ismario,
644 3246 719 3328 quid
741 3254 842 3311 mater
863 3247 987 3330 profuit,
1011 3246 1158 3332 Orpheo?

315 3347 453 3413 carmine
476 3348 551 3430 quid
573 3349 674 3414 victas
696 3349 885 3433 obstipuisse
908 3350 1013 3415 feras?

271 3451 397 3515 selinon
418 3450 452 3515 in
474 3451 562 3516 silvis
584 3451 668 3516 idem
692 3458 797 3536 pater,
814 3453 949 3533 aelmon,
972 3453 1044 3518 altis

315 3551 428 3617 dicitur
449 3553 551 3619 invita
572 3555 769 3620 concinuisse
790 3555 869 3639 lyra.

273 3654 363 3718 adice
384 3655 580 3739 Maeoniden,
604 3677 716 3739 aquo,
741 3678 798 3722 ceu
821 3658 907 3723 fonte
929 3659 1070 3743 perenni,

316 3761 424 3820 vatum
446 3758 557 3822 Pieriis
580 3778 635 3823 ora
656 3760 798 3841 rigantur
820 3762 924 3845 aquis3
