2934 4117
258 179 278 241 6
656 198 886 268 ffllrtomorpbolen.

259 368 341 433 idem
363 369 443 434 oeuli
466 367 580 451 lucent,
603 369 715 434 eadem
737 370 870 436 feritatis
892 373 1005 456 imago.

257 470 371 535 oeeidit
392 492 457 536 una
478 471 598 538 domus.
645 472 702 537 sed
724 494 787 539 non
809 473 921 540 domus
943 496 1007 540 una
1029 477 1131 560 perire

257 572 353 658 digna
374 575 449 641 fuit:
472 596 535 659 qua
556 582 639 641 terra
660 583 757 661 patet,
780 577 847 641 fera
870 586 983 662 regnat
1004 580 1129 662 Erinys

256 676 290 741 in
311 677 434 745 facinus
456 679 576 746 iurasse
597 686 698 764 putes.
744 679 821 744 dent
842 681 930 746 ooius
951 702 1069 762 omneS,

257 800 335 861 quas
357 802 498 847 meruere
520 784 586 867 pati
608 821 651 830 —
673 784 718 849 sio
740 789 803 848 stat
824 786 981 849 sententia
1003 823 1044 831 —
1067 782 1207 870 poenas.’

298 885 393 949 Dicta
413 886 497 951 Iovis
519 906 592 970 pars
615 906 692 952 vooe
713 889 849 971 probant
871 888 1072 970 stimulosque
1094 889 1241 953 frementi

145 968 147 971 ⁵
256 987 404 1070 adiciunt,
427 989 480 1053 alii
501 994 608 1074 partes
629 989 817 1055 adsensibus
838 990 979 1075 implent.

257 1096 304 1154 est
326 1096 431 1156 tamen
455 1092 583 1157 humani
605 1093 732 1176 generis
754 1093 874 1158 iaotura
895 1093 992 1160 dolori

256 1193 410 1275 omnibus,
433 1201 474 1276 et,
499 1215 579 1276 quae
602 1196 642 1260 sit
664 1202 766 1260 terrae
789 1196 971 1262 mortalibus
993 1198 1088 1262 orbae

255 1295 355 1361 forma
376 1298 489 1379 futura,
512 1305 634 1381 rogant,
658 1298 728 1379 quis
750 1299 791 1363 sit
812 1300 931 1365 laturus
952 1301 985 1364 in
1007 1321 1078 1366 aras

255 1405 334 1481 tura,
357 1401 474 1467 ferisne
496 1409 584 1486 paret
606 1402 802 1487 populandas
824 1402 947 1468 tradere
969 1410 1077 1469 terras.

255 1504 331 1567 talia
353 1511 539 1586 quaerentes
561 1543 604 1552 —-
627 1506 688 1571 sibi
710 1505 795 1571 enim
817 1506 884 1571 fore
906 1513 1012 1571 oetera
1033 1527 1125 1572 curae
1147 1545 1190 1555 -

255 1627 312 1671 rex
334 1627 481 1691 superum
504 1608 661 1693 trepidare
683 1615 771 1674 vetat
793 1611 996 1692 subolemque
1020 1611 1114 1694 priori

255 1708 438 1775 dissimilem
459 1713 575 1796 populo
598 1712 750 1795 promittit
772 1712 893 1796 origine
915 1713 1002 1777 mira.

297 1814 428 1895 Iamque
450 1821 517 1878 erat
538 1815 572 1878 in
593 1821 675 1880 totas
699 1835 862 1899 sparsums
885 1816 1017 1879 fulmina
1038 1823 1150 1881 terras:

255 1915 311 1980 sed
333 1917 445 1999 timuit,
469 1937 509 1982 ne
531 1917 611 1983 forte
633 1938 722 1983 saoer
744 1925 790 1982 tot
811 1919 852 1983 ab
875 1919 1001 2000 ignibus
1022 1919 1130 1983 aether

255 2019 432 2104 eoneiperet
453 2019 596 2086 flammas
618 2021 792 2105 longusque
813 2021 990 2087 ardesceret
1012 2022 1090 2086 axis.

255 2142 323 2187 esse
347 2143 469 2205 quoque
491 2124 524 2187 in
547 2124 619 2189 fatis
641 2124 850 2190 reminiscitur
871 2124 980 2190 adfore
1004 2132 1134 2209 tempus,

255 2245 315 2307 qun
338 2246 434 2307 mare,
458 2247 518 2308 quo
541 2227 632 2291 tellus
655 2234 859 2312 eorreptaque
880 2228 969 2311 regia
991 2228 1069 2291 caeli

253 2328 364 2392 ardeat
386 2334 417 2393 et
439 2329 547 2393 mundi
569 2328 668 2395 moles
690 2350 822 2414 operosa
843 2331 972 2395 laboret.

254 2433 317 2495 tela
337 2440 530 2516 reponuntur
551 2433 697 2499 manibus
719 2433 874 2497 fabricata
896 2434 1078 2517 cyclopum.

254 2555 356 2617 poena
377 2536 481 2619 placet
502 2535 637 2616 diversa,
659 2556 761 2619 genus
782 2535 912 2601 mortale
935 2538 993 2602 sub
1016 2537 1109 2602 undis

254 2638 384 2723 perdere
407 2644 439 2705 et
461 2659 502 2704 ex
524 2640 609 2704 omni
631 2640 755 2705 nimbos
777 2640 942 2706 demittere
964 2641 1059 2706 eaelo.

591 2828 626 2900 4.
656 2833 717 2899 dte
740 2832 835 2914 prope
857 2833 949 2901 rut.

672 2949 859 3020 (dedictum)

295 3055 441 3120 Protinus
462 3055 579 3121 Aeoliis
602 3055 789 3136 Aquilonem
813 3054 930 3119 olaudit
951 3055 982 3118 in
1005 3056 1104 3120 antris

254 3165 285 3223 et
307 3178 521 3241 quaecumque
543 3158 656 3240 fugant
677 3157 822 3223 inductas
844 3157 972 3222 flamina
993 3159 1103 3239 nubes,

253 3261 428 3342 emittitque
450 3261 575 3325 Notum.
621 3259 756 3325 madidis
777 3262 878 3326 Notus
901 3262 1003 3325 evolat
1024 3260 1092 3342 alis,

254 3364 421 3430 terribilem
443 3364 535 3448 pioea
555 3371 657 3429 tectus
680 3363 814 3447 ealigine
836 3364 970 3447 vultum;

255 3467 352 3531 barba
373 3468 480 3550 gravis
502 3468 626 3548 nimbis,
650 3468 738 3532 oanis
759 3466 829 3531 duit
849 3466 936 3531 unda
958 3466 1088 3550 eapillis,

252 3570 354 3635 fronte
377 3569 489 3635 sedent
509 3571 653 3651 nebulae,
677 3577 782 3635 rorant
804 3590 990 3654 pennaeque
1012 3572 1169 3652 sinusque.

253 3679 348 3754 utque
370 3692 466 3737 manu
488 3673 551 3739 late
572 3673 745 3758 pendentia
766 3673 874 3737 nubila
893 3674 1017 3757 pressit,

252 3773 287 3841 dt
309 3774 427 3860 fragon
450 3775 524 3840 hine
546 3774 637 3840 densi
658 3776 832 3840 funduntur
853 3777 894 3841 ab
917 3777 1044 3842 aethere
1066 3775 1173 3840 nimbi.
