2934 4117
252 109 294 174 82
652 121 885 193 weteruetpheieu.

253 298 389 364 extrahit
410 296 488 371 illud
511 297 594 362 idem
618 296 718 361 calide
742 296 781 361 de
804 296 933 362 vulnere
956 297 1052 364 telum

252 409 345 485 atque
357 401 415 466 ait:
432 394 522 466 ‘haee
533 420 645 465 manus
658 407 715 481 est,
732 400 821 481 haee,
837 419 900 482 qua
914 398 1007 466 mede
1019 399 1162 482 uiuimus,
1177 401 1278 466 hasta.

253 513 322 570 utar
343 505 377 569 in
399 504 458 570 hee
480 501 595 588 isdem3
619 503 714 568 sitin
737 503 806 583 hee,
830 522 949 587 precor,
972 503 1076 569 exitus
1099 500 1209 568 idemi’

253 609 298 675 sie
319 608 403 673 fatur
426 608 632 690 Cycnumque
654 607 742 692 petit,
765 626 825 672 nee
847 606 991 673 fraxinus
1015 613 1097 672 errat

253 712 347 794 inque
369 729 475 776 umere
498 711 602 776 senuit
624 731 687 775 nen
710 710 830 777 evitata
852 709 985 776 sinistro.

253 815 326 879 inde
348 814 434 879 velut
456 832 545 879 mure
567 813 728 896 solidaque
751 833 772 877 a
794 819 884 878 eaute
906 812 1031 899 repulsa
1054 819 1109 880 est.

196 930 198 933 ’
253 938 315 1002 qua
336 923 443 983 tamen
465 917 546 982 ietns
570 924 646 998 erat,
669 917 829 1000 signatum
852 917 1006 1001 sanguine
1030 917 1172 1002 Cycnum

253 1020 376 1086 viderat
397 1026 429 1085 et
450 1019 566 1085 frustra
587 1018 690 1085 suerat
711 1019 841 1103 gavisus
862 1019 1010 1086 Achilles.

253 1123 367 1189 vulnus
390 1129 457 1188 erat
479 1123 608 1204 nullum,
631 1122 761 1207 sanguis
784 1122 843 1188 fuit
865 1123 918 1187 ille
939 1123 1112 1189 Menoetae.

253 1235 318 1292 tum
340 1246 416 1293 vere
436 1246 588 1311 praeceps
611 1246 702 1291 eurru
723 1225 949 1292 fremebundus
968 1228 1010 1292 ah
1032 1227 1097 1292 alte

253 1330 357 1395 desilit
380 1337 411 1394 et
433 1329 533 1394 nitide
555 1349 697 1395 seeurum
721 1329 894 1394 eemminus
916 1328 1037 1395 hostem

253 1453 328 1499 ense
350 1438 462 1518 petens
484 1452 625 1517 parmam
646 1431 753 1515 gladie
775 1431 962 1516 galeamque
984 1433 1089 1498 eavari

254 1537 362 1617 eernit,
384 1542 418 1601 at
439 1536 472 1599 in
496 1533 573 1600 dure
594 1534 679 1600 laedi
701 1553 826 1617 queque
848 1555 976 1620 eorpore
997 1535 1123 1601 sermm.

253 1638 338 1704 haud
360 1638 430 1703 trdit
452 1638 580 1704 ulterius
603 1638 765 1722 elipeeque
786 1636 921 1704 adversa
941 1639 1049 1704 reteeti

254 1748 301 1807 ter
323 1748 434 1826 quater
456 1761 510 1806 era
532 1740 591 1805 viri
614 1746 646 1805 et
669 1739 780 1825 capulo
802 1759 882 1806 eave
904 1746 1045 1825 tempera
1067 1742 1170 1826 pulsat

254 1844 442 1928 cedentique
463 1863 600 1927 sequens
621 1843 719 1909 instat
742 1843 909 1927 turbatque
930 1844 1053 1927 ruitque

253 1947 447 2031 attonitoque
469 1954 565 2030 negat
587 1947 735 2029 requiem.
770 1967 869 2031 pavor
891 1954 1023 2032 eeeupat
1044 1948 1130 2012 iilum

253 2057 328 2117 ante
349 2051 517 2132 eeulesque
539 2056 650 2114 natant
672 2051 837 2135 tenebram
860 2055 1004 2133 retroque
1027 2050 1140 2116 ferenti

253 2173 379 2219 aversos
401 2172 513 2238 passus
535 2151 638 2218 medie
660 2153 740 2237 lapis
762 2153 882 2219 obstitit
903 2173 988 2218 ervo.

255 2277 346 2340 quem
369 2277 462 2341 super
483 2256 651 2340 impulsum
672 2255 820 2341 resupino
843 2276 970 2340 eerpere
992 2256 1135 2339 Cycnum
1297 2279 1348 2328 100

254 2360 286 2425 vi
308 2359 407 2424 muita
428 2359 522 2424 vertit
544 2365 708 2442 terraeque
729 2357 853 2423 adflixit
875 2357 1022 2425 Achilles.

255 2470 320 2528 tum
343 2463 443 2547 elipee
465 2462 661 2545 genibusque
684 2481 830 2547 premens
851 2462 1035 2547 praeeerdia
1056 2461 1142 2527 duris

254 2566 359 2631 vinela
381 2565 476 2629 trahit
497 2565 621 2648 galeae:
645 2585 726 2648 qnae
748 2584 856 2650 presse
879 2564 1005 2630 subdita
1026 2571 1131 2630 mento

255 2668 374 2734 elidunt
395 2666 504 2734 fauees
526 2675 558 2733 et
579 2668 772 2753 respiramen
794 2669 915 2751 iterque

254 2771 389 2856 eripiunt
411 2771 545 2836 animae.
569 2771 687 2836 vietum
709 2771 843 2855 spoliare
865 2772 1011 2856 parabat:
1298 2794 1348 2843 105

254 2895 341 2939 arma
362 2874 472 2939 relieta
494 2873 589 2940 videt.
622 2894 734 2959 eorpus
757 2874 834 2940 deus
856 2875 1000 2957 aequeris
1022 2875 1128 2940 albam

255 2977 385 3042 eontulit
407 2977 440 3042 in
463 2977 632 3058 veluerem,
656 2978 744 3042 euius
766 2976 858 3042 medo
880 2995 995 3043 nemen
1017 2977 1164 3044 habehat.

524 3147 1009 3234 wammm

297 3279 416 3359 eumne,
433 3279 472 3342 eiu
487 3280 570 3359 &ehu
586 3283 630 3342 hee
641 3279 779 3357 iieiriten,
800 3295 856 3343 teat
871 3280 908 3344 hu
923 3279 1096 3360 sstteiiettpie
1110 3279 1159 3343 trit
1172 3279 1283 3361 iihiiies

254 3388 305 3437 tert
320 3375 406 3453 bieieur
424 3374 472 3436 urit
486 3376 542 3436 brut
556 3374 731 3453 baltericum
746 3383 860 3456 etteitrqt
874 3378 985 3438 mettere
1004 3377 1056 3443 {itu
1071 3373 1144 3439 Zete
1158 3375 1224 3455 [puttr
1240 3373 1283 3454 ihu

254 3468 380 3547 iieieiheu
396 3468 423 3530 in
438 3469 509 3531 einen
524 3469 642 3550 &threan
657 3470 820 3533 muaeuhrit.

298 3597 340 3659 At
363 3594 449 3677 deus,
472 3615 645 3678 aequoreas
667 3596 721 3680 qui
745 3595 874 3680 euspide
896 3602 1051 3680 temperat
1073 3594 1184 3675 undas,

256 3696 287 3761 in
310 3698 468 3763 volueram
491 3717 603 3785 eorpus
625 3699 692 3764 nati
714 3698 947 3765 Phaethontida
969 3718 1092 3764 versum
