2934 4117
261 111 321 176 186
529 127 643 198 slepieu:
662 128 710 183 IV.
730 127 816 197 {iride
835 137 894 183 ooru
912 127 1024 197 lienium.

258 303 310 367 ille
333 322 392 387 ego
414 322 493 383 sum,
517 322 707 384 utrumquem
729 321 793 366 non
816 301 865 365 vis
886 299 1005 383 audire,
1028 307 1154 368 vetusta

229 421 233 427 ’
302 425 403 491 paene
425 425 503 491 puer
525 424 622 490 puero
644 405 770 470 iunetus
791 403 942 470 amicitia!

258 509 310 575 ille
333 529 402 593 ego,
426 509 479 593 qui
501 508 620 592 primus
643 514 698 572 tua
720 508 803 573 seria
824 527 917 574 nosse
939 508 1079 574 solebam

301 617 333 678 et
354 612 412 678 tibi
434 611 580 677 iucundis
601 610 721 695 primus
743 609 856 677 adesse
877 609 968 676 ioeis:

257 716 309 780 ille
332 735 392 801 ego
415 714 575 781 oonrietor
597 714 759 797 densoque
781 712 970 779 domestieus
992 733 1060 796 usu,

263 896 265 899 ¹
300 818 353 884 ille
376 838 435 902 ego
456 817 581 884 iudiciis
603 818 697 883 uniea
718 817 809 882 Musa
830 817 906 882 tuis!

258 922 312 986 ille
334 942 393 1007 ego
416 941 494 1002 sum,
519 922 571 1004 qui
594 941 679 986 nune
700 941 743 986 an
765 920 881 1001 vivam,
905 919 1034 1005 perfide,
1057 921 1171 1003 neseis,

302 1045 376 1090 oure
398 1024 456 1090 tibi
478 1024 519 1090 de
541 1045 602 1106 quo
625 1043 777 1107 quaerere
798 1024 885 1087 nulla
906 1023 974 1088 fuit.

259 1127 326 1192 sive
348 1127 394 1194 fui
416 1148 577 1211 nunquam
601 1147 701 1208 eorus,
724 1127 889 1192 simulasse
911 1127 1037 1192 sutoris:

302 1251 358 1297 seu
379 1251 443 1297 non
465 1230 619 1315 fingebas,
642 1231 804 1295 inveniere
826 1229 914 1295 levis.

259 1340 314 1398 aut
336 1353 407 1418 age,
431 1333 482 1399 dio
503 1333 652 1415 aliquem,
676 1352 759 1415 quae
781 1340 813 1397 te
835 1332 1013 1413 mutaverit,
1035 1333 1127 1399 irum:

302 1456 375 1501 nam
399 1436 460 1501 nisi
483 1437 565 1501 iusta
587 1442 642 1500 tue
664 1442 721 1517 est,
742 1436 827 1500 iusta
849 1435 977 1518 querela
999 1455 1071 1500 meu
1093 1444 1148 1502 est.

260 1539 343 1622 quod
365 1546 397 1605 te
419 1559 504 1605 nuno
526 1538 643 1605 orimen
666 1538 800 1604 similem
822 1544 910 1604 vetat
932 1558 1001 1604 esse
1022 1539 1139 1623 priori?

302 1664 344 1707 au
367 1642 495 1723 orimen,
519 1642 609 1727 eoepi
632 1640 715 1725 quod
738 1641 833 1707 miser
857 1661 935 1723 esse,
958 1642 1077 1708 vocas?

260 1746 285 1811 si
308 1743 384 1809 milri
406 1746 501 1811 rebus
523 1764 614 1830 opem
637 1745 756 1809 nullam
779 1744 932 1828 laetisque
955 1744 1088 1826 ferebas

303 1849 442 1913 venisset
464 1848 569 1913 verbis
592 1847 702 1912 oharte
723 1855 834 1913 notate
856 1848 964 1914 tribus.

260 1951 316 2016 vix
339 1950 484 2033 equidem
507 1950 615 2016 eredo:
638 1951 742 2017 subito
763 1952 916 2017 insultare
937 1951 1053 2017 iacenti

303 2059 335 2119 te
357 2054 434 2119 mihi
455 2074 515 2119 nee
537 2054 644 2120 verbis
665 2074 794 2139 paroere
817 2055 903 2120 fama
925 2055 1029 2119 refert.

260 2157 336 2240 quid
357 2157 446 2238 lueis,
470 2158 502 2222 a!
526 2157 679 2223 demens?
702 2178 766 2239 eur,
789 2157 817 2224 si
839 2158 965 2224 fortuna
986 2157 1114 2241 reoedit,

303 2260 469 2344 naufragio
490 2260 637 2326 lacrimas
659 2261 754 2345 eripis
775 2261 845 2347 ipse
866 2261 943 2327 tuo?

261 2364 340 2430 haee
362 2363 423 2428 dea
442 2382 507 2430 non
530 2363 646 2446 stabili,
670 2385 765 2447 quam
789 2365 829 2431 sit
850 2364 940 2446 levis,
964 2365 1040 2431 orbe
1061 2365 1186 2445 fatetur,

304 2486 397 2549 quem
420 2487 575 2532 summum
598 2467 693 2533 dubio
715 2469 774 2534 sub
797 2467 879 2553 pede
902 2488 1028 2553 semper
1049 2467 1154 2532 hebet.

262 2570 401 2654 quolibet
423 2577 470 2635 est
493 2570 575 2653 folio,
599 2571 711 2655 quavis
732 2572 880 2638 insertior
901 2592 992 2636 aura:

304 2694 362 2759 par
383 2674 429 2738 illi
449 2674 571 2755 levitas,
594 2674 747 2759 improbe,
771 2675 837 2740 sola
860 2681 993 2740 tuaest.

262 2776 368 2841 omnia
390 2782 464 2841 sunt
485 2776 646 2842 hominum
668 2778 757 2843 tenui
778 2777 953 2862 pendentia
973 2778 1035 2861 filo,

305 2886 337 2945 et
358 2879 463 2945 subito
485 2900 570 2963 oasu,
594 2901 675 2964 quae
696 2881 834 2963 valuere,
858 2889 960 2948 ruunt.

261 2981 369 3048 divitis
390 2981 499 3047 audita
520 2990 568 3050 est
590 2984 640 3049 eui
662 3005 726 3050 non
750 2986 910 3070 opulentia
933 2985 1065 3052 Croesi?

305 3105 420 3171 nempe
442 3092 548 3152 tamen
571 3088 669 3153 vitum
692 3095 803 3172 eaptus
826 3089 867 3154 ab
890 3088 980 3155 hoste
1003 3089 1080 3154 tulit.

262 3189 315 3254 ille
337 3188 505 3272 Syracosia
526 3189 618 3256 modo
641 3191 828 3257 formidatus
849 3191 884 3256 in
907 3192 984 3258 urbe

305 3292 360 3357 vix
382 3291 493 3358 humili
515 3291 626 3358 duram
648 3294 786 3379 reppulit
808 3302 875 3360 urle
897 3294 1024 3361 semem.

263 3395 339 3480 quid
360 3397 464 3460 suerat
485 3396 601 3481 Magno
624 3397 747 3463 maius?
770 3404 876 3463 tamen
898 3397 951 3463 ille
972 3399 1097 3482 rogavit

307 3498 463 3563 submissa
484 3499 611 3583 fugiens
632 3520 710 3566 voee
733 3500 856 3567 elientis
879 3520 979 3586 opem.

264 3600 315 3664 ille
337 3600 523 3684 Iugurthino
546 3603 648 3669 elarus
671 3603 860 3686 Cimbroque
883 3603 1050 3687 triumpho,

308 3721 369 3784 quo
391 3702 505 3768 victrix
528 3705 643 3771 totiens
666 3706 795 3772 eonsule
816 3708 916 3772 Roma
939 3706 1007 3789 fuit,
