2934 4117
495 151 538 204 26.
556 147 661 218 lldrtdcs
678 149 732 204 aut
751 148 864 219 dranus.

162 321 364 387 Thestorides
385 313 570 386 ‘vincemus'
591 322 646 402 ait,
670 314 826 406 ‘gaudete
848 322 983 408 Pelasgi.

162 424 256 489 'lhoia
278 423 383 488 cadet:
406 422 463 489 sed
486 424 545 488 erit
566 424 664 489 nostri
686 444 774 490 mora
794 424 890 508 longa
910 420 1037 491 laboris’
1205 446 1239 496 ao

161 533 255 610 atque
278 546 393 594 novem
414 527 558 593 volucres
578 527 613 592 in
634 527 709 593 belli
732 527 847 611 digerit
867 549 975 593 annos.

162 630 224 709 ille,
246 636 282 695 nt
304 638 380 710 erat,
403 628 524 695 virides
542 629 709 714 amplexus
730 631 764 694 in
786 632 898 697 arbore
918 651 1021 697 ramos

161 732 197 798 fit
217 733 313 818 lapis,
337 740 368 798 et
390 740 517 818 superat
538 734 693 818 serpentis
715 734 854 818 imagine
877 753 997 800 saxum.

204 837 372 902 Permanet
393 836 504 902 Aoniis
525 836 647 901 Nereus
670 836 827 903 violentus
847 837 881 902 in
903 837 997 903 undis

162 940 308 1022 bellaque
330 959 393 1005 non
415 940 577 1023 transfert3
601 946 633 1004 et
654 945 737 1020 sunt,
761 940 814 1021 qui
836 960 965 1024 parcere
987 939 1100 1005 'lhoiae

161 1043 345 1127 Neptunum
368 1041 507 1122 credant,
531 1042 604 1123 quia
626 1042 752 1107 moenia
772 1042 891 1107 fecerat
912 1042 1013 1128 urbis3

162 1152 194 1209 at
216 1165 280 1211 non
302 1143 512 1211 Thestorides.
547 1165 606 1210 nec
629 1147 712 1210 enirn
735 1147 875 1211 nescitve
898 1149 1021 1211 tacetve

162 1249 316 1332 sanguine
337 1249 479 1331 virgineo
500 1248 688 1333 placandam
710 1249 842 1332 virginis
863 1250 942 1314 iram

163 1370 232 1417 esse
255 1351 342 1416 deae.
377 1357 542 1436 postquam
565 1352 714 1435 pietatem
737 1352 863 1436 publica
885 1372 980 1418 causa

163 1474 281 1537 rexque
302 1462 425 1538 patrem
448 1454 524 1519 vicit
547 1461 729 1536 castumque
752 1453 864 1521 datura
887 1475 1025 1520 cruorem

162 1557 309 1622 flentibus
331 1564 406 1622 ante
427 1577 513 1622 aram
536 1558 623 1623 stetit
644 1558 812 1642 Iphigenia
832 1558 991 1639 ministris,

162 1660 246 1725 victa
267 1659 327 1725 dea
350 1666 397 1725 est
420 1661 600 1742 nubemque
620 1660 719 1726 oculis
741 1660 856 1726 obiecit
879 1666 911 1725 et
931 1661 1014 1726 inter

162 1763 299 1827 officium
321 1763 507 1844 turbamque
529 1762 611 1827 sacri
632 1781 790 1846 vocesque
810 1769 995 1847 precantum

163 1867 323 1951 supposita
344 1866 442 1930 fertur
463 1872 601 1930 mutasse
623 1864 791 1949 Mycenida
813 1885 914 1931 cerva.

163 1990 236 2054 crgo
259 1970 322 2050 uhi,
346 1989 408 2052 qua
430 1967 543 2050 decuit,
568 1970 665 2034 lenita
686 1976 734 2034 est
757 1968 853 2034 caede
874 1970 987 2050 Diana,

163 2080 194 2137 et
215 2073 332 2157 pariter
353 2071 506 2151 Phoebes,
530 2071 646 2155 pariter
667 2072 763 2137 maris
784 2073 832 2137 ira
852 2071 992 2152 recessit,

162 2175 320 2259 accipiunt
342 2180 452 2239 ventos
473 2194 494 2237 a
515 2180 604 2257 tergo
625 2174 710 2238 mille
732 2173 859 2239 carinae

163 2278 321 2360 multaque
343 2294 512 2361 perpessae
533 2275 675 2360 Phrygia
696 2277 858 2360 potiuntur
879 2275 1005 2341 harena

443 2455 496 2527 26.
518 2459 655 2541 aaron
676 2461 743 2527 cau
767 2459 910 2542 dorsus.

206 2583 290 2652 Orbe
312 2585 398 2650 locus
420 2583 524 2649 medio
546 2590 595 2650 est
615 2584 697 2649 inter
718 2591 880 2667 terrasque
902 2583 1078 2666 fretumque

163 2689 374 2772 caelestesque
395 2687 516 2773 plagas,
539 2687 669 2772 triphcis
691 2686 828 2752 confinia
849 2685 971 2770 mundi,

162 2791 255 2872 unde,
278 2789 362 2874 quod
384 2797 432 2857 est
453 2811 595 2874 usquam,
620 2790 763 2873 quamvis
785 2788 965 2874 regionibus
987 2789 1079 2870 absit,

162 2893 325 2978 inspicitur
346 2900 554 2978 penetratque
576 2913 672 2958 cavas
694 2913 758 2958 vox
780 2892 882 2957 omnis
903 2890 947 2956 ad
967 2909 1067 2956 aures.

162 2997 261 3062 Fama
282 3004 368 3062 tenet
390 3016 574 3079 summaque
597 2994 722 3061 domum
745 2994 806 3060 sibi
827 2994 905 3077 legit
924 2994 959 3058 in
980 3011 1053 3058 arce

161 3099 402 3182 innumerosque
423 3099 528 3164 aditus
549 3118 588 3164 ac
609 3098 694 3163 mille
715 3082 870 3162 foramina
892 3095 983 3161 tectis

161 3201 283 3268 addidit
305 3210 337 3268 et
358 3203 452 3269 nullis
473 3202 600 3267 inclusit
620 3202 730 3266 limina
751 3200 857 3286 portis.

161 3312 253 3372 nocte
275 3306 389 3389 dieque
411 3311 507 3391 patet.
531 3311 598 3369 tota
620 3311 669 3370 est
690 3325 731 3369 ex
753 3322 827 3368 aere
848 3302 982 3382 sonanti,

162 3415 229 3476 tota
250 3409 355 3475 tremit
376 3427 535 3489 vocesque
556 3407 653 3472 refert
673 3407 838 3489 iteratque,
861 3403 944 3489 quod
965 3402 1061 3469 audit.

162 3512 248 3593 nulla
270 3513 357 3595 quies
379 3513 465 3576 intus
487 3510 634 3593 nullaque
657 3510 782 3576 silentia
803 3514 900 3594 parte.

162 3634 222 3681 nee
243 3620 349 3679 tamen
372 3620 421 3679 est
443 3613 568 3695 clamor,
591 3612 647 3679 sed
668 3602 786 3698 parvae
808 3629 968 3676 murmura
988 3606 1083 3688 vocis,

162 3718 268 3802 qualia
288 3718 331 3782 de
351 3718 468 3801 pelagi,
491 3717 587 3799 siquis
608 3717 715 3801 procul
738 3713 854 3793 audiat,
878 3709 969 3777 undis
