2934 4117
606 120 629 171 5.
648 116 737 170 brion.
1126 102 1182 163 127

104 377 105 380 ,
223 315 255 386 5.
277 319 344 386 brt
365 313 400 384 4.
424 317 584 386 introeo.
606 318 876 401 sustentamur
899 319 955 386 trs
977 317 1127 401 botunto.

415 444 481 526 (oie
494 445 661 507 muubabote
675 444 793 526 dieduuq
809 444 932 526 brieno).

158 596 249 674 Quod
271 617 358 662 mare
380 618 442 662 non
464 597 561 678 novit,
585 617 665 679 quae
687 598 788 663 nesoit
809 598 928 663 Ariona
949 598 1062 664 tellus?

202 700 339 764 carmine
362 706 522 765 eumentes
544 700 596 764 ille
618 701 748 766 tenebat
769 721 876 783 aquas.

159 824 254 888 saepe
277 823 411 887 sequens
432 824 548 888 agnam
571 804 664 888 lupus
687 810 735 869 est
757 824 876 870 avoco
898 811 1047 885 retentus

202 926 297 991 saepe
318 905 446 972 avidum
469 906 594 990 fugiens
615 906 729 971 restitit
751 927 835 991 agna
857 907 973 991 lupum.

159 1030 254 1095 saepe
277 1029 371 1074 oanes
393 1009 576 1093 leporesque
598 1009 710 1074 umbra
731 1009 856 1074 iacuere
879 1010 936 1074 sub
960 1030 1023 1074 una
1219 1033 1234 1079 o

202 1121 234 1178 et
255 1112 341 1177 stetit
362 1112 396 1177 in
418 1132 496 1177 saxo
518 1112 662 1196 proxima
685 1131 779 1177 oerva
800 1112 887 1176 leae:

160 1231 192 1289 et
213 1225 281 1290 sine
302 1224 357 1289 lite
378 1224 495 1306 loquax
517 1245 589 1289 oum
611 1222 748 1288 Palladis
770 1224 846 1289 alite
869 1223 978 1289 nornix

202 1326 284 1392 sedit
306 1333 338 1391 et
359 1326 500 1411 aoeipitri
522 1326 629 1391 iuncta
652 1327 796 1392 columba
817 1326 885 1391 fuit.

160 1429 299 1513 Cynthia
320 1449 415 1513 saepe
437 1428 500 1493 tuis
522 1428 629 1510 fertur,
651 1428 770 1494 vocalis
791 1429 899 1510 Arion,

203 1538 363 1613 tamquam
384 1530 531 1596 fraternis
553 1531 743 1616 obstipuisse
764 1530 874 1596 modis.

160 1654 273 1699 nomen
296 1633 459 1698 Arionium
482 1634 603 1699 Siculas
624 1633 810 1718 impleverat
831 1636 935 1715 urbes,

204 1742 358 1822 captaque
380 1742 447 1800 erat
468 1736 576 1819 lyriois
598 1735 734 1801 Ausonis
756 1757 811 1801 ora
833 1736 926 1801 sonis.

160 1838 235 1904 inde
257 1837 383 1903 domum
406 1844 551 1922 repetens
573 1858 711 1923 puppem
735 1837 917 1903 oonsoendit
938 1838 1035 1904 Arion

203 1949 297 2024 atque
319 1942 364 2005 ita
386 1941 544 2023 quaesitas
566 1946 634 2006 arte
656 1941 778 2006 ferebat
799 1961 883 2026 opes.

161 2044 301 2125 forsitan,
322 2043 444 2125 infelirr,
467 2050 578 2110 ventos
599 2043 764 2126 undasque
786 2043 941 2109 timebas?

204 2153 238 2210 at
260 2146 318 2212 tibi
339 2166 423 2211 nave
445 2153 500 2211 tua
520 2146 619 2211 tutius
641 2166 757 2228 aequor
779 2152 855 2211 erat.

161 2268 297 2331 namque
319 2250 511 2332 gubernator
533 2249 681 2314 destn'oto
703 2248 842 2314 constitit
864 2268 939 2314 ense

205 2357 370 2433 ceteraque
391 2358 512 2415 armata
534 2351 660 2417 conseia
682 2352 774 2416 turba
795 2372 900 2416 manu.

162 2454 236 2537 quid
259 2453 317 2519 tibi
339 2474 410 2518 oum
432 2454 560 2538 gladio?
583 2453 712 2519 dubiam
734 2474 820 2538 rege,
843 2455 961 2537 navita,
984 2456 1135 2539 puppem!

204 2576 267 2620 non
290 2555 368 2620 haeo
390 2563 463 2620 sunt
485 2555 592 2640 digitis
614 2577 702 2620 arma
724 2555 862 2621 tenenda
884 2556 955 2621 tuis.

162 2658 213 2723 ilie
235 2665 320 2723 metu
343 2678 461 2723 vaouus
482 2651 624 2724 ‘mortem
647 2679 710 2723 non
732 2654 902 2742 deprooor'‚
925 2657 1036 2740 inquit,

204 2753 273 2826 ‘sed
293 2761 387 2825 lioeat
409 2767 534 2845 sumpta
555 2781 657 2846 panea
678 2761 796 2826 referre
817 2754 908 2844 lyra’

163 2862 240 2928 dant
260 2863 388 2927 veniam
409 2862 574 2945 ridentque
596 2884 724 2929 moram.
749 2863 834 2948 oapit
854 2863 908 2927 ille
931 2882 1086 2944 eoronam,

205 2985 286 3047 quae
307 2965 407 3048 possit
429 2965 540 3046 crines,
563 2966 699 3046 Phoebe,
723 2964 835 3030 dooere
857 2970 941 3048 tuos3

163 3066 307 3131 induerat
328 3067 425 3150 Tyrio
447 3067 497 3132 bis
519 3067 649 3133 tinctam
671 3067 789 3133 murioe
811 3068 942 3152 pallam;

206 3167 342 3233 reddidit
364 3169 427 3234 ieta
449 3189 522 3234 suos
544 3170 656 3253 pollioe
679 3168 797 3235 ohorda
819 3188 921 3251 sonos,
968 3196 970 3199 ·

162 3270 320 3336 flebilibus
343 3272 481 3337 numeris
502 3273 600 3338 ueluti
623 3273 769 3337 canentia
791 3271 871 3336 dura

206 3373 353 3438 traiectus
375 3394 481 3458 penna
502 3381 630 3458 pectora
652 3381 759 3440 cantat
781 3375 854 3440 olor.

163 3476 304 3558 protinus
325 3477 358 3540 in
381 3476 502 3542 medias
524 3485 652 3542 omatus
673 3477 778 3542 desilit
799 3476 914 3542 undas:

207 3578 365 3662 spargitur
385 3579 520 3664 impulsa
543 3581 667 3645 caerula
688 3580 804 3666 puppis
825 3599 915 3662 aqua.
1209 3599 1241 3642 eo

164 3678 239 3744 inde
260 3718 303 3727 -
324 3681 387 3746 fide
409 3682 510 3746 maius
532 3720 575 3728 —
597 3688 684 3765 tergo
706 3682 857 3768 delphina
879 3700 1007 3749 reourvo
