2934 4117
258 159 297 223 10
653 178 883 247 illstomorplroien.

255 349 340 413 nulla
362 371 449 416 mora
471 359 531 417 est:
554 351 673 416 adeunt
694 353 810 435 pariter
833 352 1018 437 Cephisidas
1040 353 1150 436 undas,

254 460 289 517 ut
311 453 451 519 nondum
473 454 617 537 liquidas,
641 456 687 519 sio
708 456 773 519 iam
795 456 879 521 vada
900 464 975 520 nota
998 466 1149 523 seeantes.

254 556 329 621 inde
350 559 405 622 ubi
428 559 541 624 libatos
556 559 735 624 irroravere
757 560 892 644 liquores

255 663 394 727 vestibus
417 669 449 727 et
471 663 575 747 capiti,
598 663 728 728 flectunt
750 664 884 748 vestigia
906 672 1034 730 sanetae

254 764 296 828 ad
317 764 449 831 delubra
471 766 560 848 deae,
584 787 714 849 quorum
737 767 866 851 fastigia
887 769 971 852 turpi

135 944 137 947 y
255 869 414 952 pallebant
436 890 542 935 museo
565 871 753 952 stabantque
775 871 845 935 sine
866 871 993 955 ignibus
1015 892 1098 937 arae.

254 979 289 1035 ut
310 972 419 1056 templi
443 973 575 1056 tetigere
596 973 722 1057 gradus,
746 974 922 1058 procumbit
943 981 1073 1059 uterque

254 1095 370 1159 pronus
392 1076 479 1140 humi
501 1076 667 1160 gelidoque
689 1097 812 1161 pavens
833 1077 921 1143 dedit
943 1079 1049 1142 osenla
1071 1099 1156 1144 saxo.

254 1185 348 1260 atque
371 1180 416 1243 ita
437 1172 474 1243 ‘si
496 1177 652 1264 precibus'
675 1180 823 1245 dixerunt
844 1173 986 1245 ‘numina
1007 1181 1097 1246 iustis

254 1282 339 1346 vieta
359 1283 590 1364 remolleseunt,
612 1283 639 1348 si
662 1281 797 1348 fleotitur
818 1283 866 1348 ira
887 1282 1026 1364 deorum,

253 1382 314 1463 die,
337 1384 458 1466 Themi,
483 1406 546 1467 qua
566 1386 691 1470 generis
714 1385 863 1450 damnum
885 1387 1061 1470 reparabile
1083 1389 1179 1451 nostri

254 1494 322 1552 arte
345 1488 394 1569 sit,
418 1494 450 1552 et
471 1488 583 1554 mersis
605 1488 653 1553 fer
675 1508 767 1572 opem
789 1488 956 1553 mitissima
977 1485 1093 1553 rebus.³

254 1597 339 1655 mota
361 1590 422 1655 dea
444 1598 492 1657 est
513 1598 691 1673 sortemque
714 1590 815 1657 dedit:
839 1591 1002 1657 ‘discedite
1024 1593 1140 1677 templo

255 1702 286 1759 et
309 1695 412 1760 velate
434 1702 528 1779 eaput
550 1695 730 1779 oinetasque
752 1695 899 1760 resolvite
922 1702 1027 1761 vestes

254 1819 386 1881 ossaque
407 1805 479 1883 post
501 1805 624 1882 tergum
647 1819 781 1883 magnae
803 1799 918 1864 iactate
940 1793 1100 1882 parentis.³

255 1903 434 1986 obstipuere
456 1901 520 1982 diu,
541 1902 720 1986 rumpitque
743 1902 868 1968 silentia
889 1922 967 1967 voee

254 2005 376 2088 Pyrrha
397 2006 481 2089 prior
503 2005 658 2087 iussisque
680 2004 760 2070 deae
781 2025 893 2089 parere
914 2012 1048 2086 reeusat,

255 2107 370 2190 detque
393 2109 452 2174 sibi
474 2108 610 2188 veniam,
633 2107 749 2192 pavido
771 2115 945 2192 negatore,
967 2115 1126 2191 pavetque

254 2211 380 2277 laedere
402 2212 526 2277 iactatis
547 2219 707 2276 maternas
729 2212 853 2277 ossibus
873 2213 1010 2277 umbras.

255 2315 376 2388 interea
398 2320 543 2399 repetunt
566 2315 668 2379 eaesis
690 2317 824 2380 obseura
845 2314 975 2380 latebris

255 2420 353 2483 verba
374 2418 468 2483 datae
490 2419 581 2484 sortis
604 2438 710 2483 seeum
732 2420 815 2483 inter
837 2437 933 2499 seque
955 2419 1106 2483 volutant.

255 2520 330 2586 inde
352 2521 721 2605 Promethides‘plaeidis
744 2520 945 2605 Epimethida
967 2520 1059 2584 dietis

255 2626 370 2689 mulcet
392 2633 423 2688 et
445 2617 510 2691 ‘aut
532 2621 641 2689 fallax'
662 2625 708 2688 ait
730 2617 788 2689 ‘est
811 2624 947 2688 sollertia
969 2624 1070 2702 nobis,
1093 2679 1095 2684 .

255 2734 309 2792 aut
331 2729 384 2811 pia
406 2735 478 2793 sunt
499 2729 682 2810 nullumque
704 2727 794 2792 nefas
817 2727 942 2793 oracula
964 2727 1106 2791 suadent.

255 2851 372 2915 magna
393 2852 509 2916 parens
531 2838 614 2897 terra
636 2838 693 2913 est,
717 2830 838 2914 lapides
859 2831 893 2894 in
916 2849 1043 2913 eorpore
1065 2836 1166 2894 terrae

255 2954 327 2999 ossa
349 2954 417 2998 reor
439 2934 514 3018 diei;
537 2935 640 2999 iaeere
663 2935 719 2999 hos
741 2941 812 3018 post
835 2939 925 3016 terga
946 2927 1111 3008 iubemur.'

299 3037 449 3120 Coniugis
470 3038 601 3120 augurio
624 3057 813 3119 quamquam
836 3036 962 3122 Titania
983 3041 1069 3100 mota
1091 3040 1147 3114 est,

256 3160 328 3224 spes
351 3141 512 3205 tamenin
536 3139 631 3205 dubio
654 3146 715 3204 est:
739 3138 818 3204 adeo
841 3137 1028 3203 caelestibus
1051 3138 1144 3203 ambo

255 3242 403 3307 diffidunt
425 3244 559 3308 monitis.
605 3242 662 3307 sed
684 3241 759 3325 quid
783 3248 935 3326 temptare
958 3240 1105 3306 nocebit?
1300 3258 1335 3306 85

256 3344 451 3410 descendunt
472 3347 642 3429 velantque
665 3352 759 3428 eaput
780 3345 966 3427 tunicasque
988 3344 1153 3427 reoingunt

257 3455 288 3513 et
309 3448 409 3513 iussos
431 3449 553 3532 lapides
575 3469 632 3514 sua
653 3456 724 3533 post
746 3447 881 3531 vestigia
902 3447 1038 3510 mittunt

256 3571 335 3616 saxa
358 3589 399 3597 —
422 3552 491 3633 quis
513 3552 573 3617 hoe
594 3551 711 3632 eredat,
734 3551 795 3615 nisi
817 3551 858 3615 sit
880 3570 936 3633 pro
958 3555 1039 3613 teste
1061 3545 1222 3613 vetustas?
1247 3585 1285 3591 -

256 3674 372 3739 ponere
395 3653 540 3720 duritiem
563 3675 693 3740 eoepere
716 3674 869 3738 suumque
892 3654 1024 3737 rigorem

257 3756 430 3839 mollirique
452 3776 539 3821 mura
561 3759 741 3840 mollitaque
764 3756 878 3821 ducere
900 3755 1040 3820 formam.
1300 3770 1337 3817 eo
