2934 4117
519 198 560 253 33.
579 183 739 266 danubius
752 196 780 253 iu
798 196 874 253 biom

183 368 239 432 bos
260 374 328 433 aret
349 374 405 432 aut
426 373 557 435 mortem
580 368 754 454 senioribus
776 368 910 454 imputet
931 369 1032 451 annis,

181 470 365 536 horriferum
389 477 498 536 eontra
519 472 643 544 borean
660 471 728 537 ovis
749 492 839 537 arma
860 471 1025 553 ministret,

181 575 279 639 ubera
301 573 377 638 dent
399 580 524 640 saturae
546 574 692 640 manibus
713 572 888 658 pressanda
910 574 1058 658 capellae.

180 676 260 741 retia
282 697 353 741 cum
375 675 495 761 pedicis
517 678 708 760 laqueosque
729 683 875 760 artesque
897 676 1021 742 dolosas

181 780 279 844 tollite
300 800 361 844 nec
382 780 541 845 volucrem
563 781 684 846 viscata
705 781 805 846 fallite
827 780 926 864 virga,

180 901 240 946 nee
261 882 436 949 formidatis
458 903 568 949 cervos
589 883 710 948 illudite
732 884 855 968 pennis,

181 1004 240 1048 nec
262 986 362 1063 celate
385 985 463 1052 cibis
485 1006 582 1053 uncos
605 986 770 1052 fallacibus
791 985 911 1052 hamos.

181 1086 311 1170 perdite,
335 1086 426 1170 siqua
440 1095 564 1170 nocent,
580 1108 689 1155 verum
704 1088 784 1155 haee
800 1108 923 1171 quoque
937 1087 1060 1173 perdite
1074 1093 1210 1153 tantumr

181 1209 235 1253 ora
257 1196 371 1255 vacent
394 1191 495 1275 epulis
516 1190 729 1274 alimentaque
752 1192 841 1256 mitia
863 1185 1015 1275 carpant'

466 1370 519 1440 33.
541 1334 750 1456 betelanita
773 1374 810 1440 to
831 1372 925 1441 tart.
1008 1408 1013 1417 ·

148 1546 153 1553 .
223 1498 357 1564 Pandite
379 1519 474 1581 nuuc,
497 1500 615 1581 Musae,
638 1500 817 1585 praesentia
840 1500 971 1565 numina
993 1507 1110 1580 vatum,
1132 1535 1177 1544 —

182 1601 268 1665 scitis
291 1602 384 1684 enim,
408 1622 467 1667 neo
489 1623 546 1669 vos
567 1602 647 1668 fallit
669 1602 809 1687 spatiosa
829 1609 970 1669 vetustas
992 1639 1035 1649 -

180 1703 265 1768 unde
288 1703 464 1771 Coroniden
487 1705 667 1771 circumflua
687 1704 860 1789 Thybridis
881 1706 937 1770 alti
987 1742 992 1751 ·

181 1805 284 1870 insula
304 1807 476 1873 Romuleae
498 1808 594 1887 sacris
616 1808 765 1874 acciverit
785 1808 882 1873 urbis.

224 1908 301 1973 Dira
322 1909 390 1975 lues
412 1910 569 1992 quondam
593 1911 701 1976 Latias
722 1911 890 1975 vitiaverat
911 1930 1005 1975 auras

181 2009 360 2094 pallidaque
383 2013 539 2095 exsangui
561 2012 901 2097 squalebant-corpora
922 2014 1040 2078 morbo.

181 2112 343 2179 funeribus
366 2115 441 2180 fessi
463 2120 630 2199 postquam
652 2117 797 2181 mortalia
818 2123 949 2181 cernunt

181 2222 408 2299 temptamenta
429 2217 518 2299 nihil,
542 2217 619 2282 nihil
642 2225 726 2284 artes
748 2237 841 2303 posse
862 2218 1054 2300 medentum,

180 2318 334 2384 auxilium
357 2319 492 2386 caeleste
514 2326 625 2405 petunt
647 2320 847 2405 mediamque
868 2328 1013 2387 tenentes

180 2421 264 2486 orbis
286 2421 416 2487 humum
437 2423 578 2508 Delphos
599 2423 727 2505 adeunt,
750 2424 876 2490 oracula
897 2424 1026 2505 Phoebi,

181 2530 277 2606 utque
300 2525 462 2590 salutifera
483 2526 605 2592 miseris
627 2546 808 2593 succurrere
829 2528 922 2593 rebus

180 2631 263 2690 sorte
286 2627 362 2691 velit
384 2634 555 2711 tantaeque
576 2630 663 2694 urbis
685 2630 769 2694 mala
790 2629 891 2712 finiat,
912 2637 1010 2697 orant.

180 2733 213 2793 et
235 2727 322 2794 loeus
344 2738 376 2794 et
398 2730 502 2796 laurus
525 2737 567 2814 et,
591 2752 669 2815 quas
690 2732 787 2798 hahet
808 2734 885 2817 ipse,
908 2734 1074 2818 pharetrae

179 2829 370 2898 intremuere
392 2833 494 2917 simul,
517 2834 701 2919 cortinaque
722 2834 861 2913 reddidit
881 2836 944 2901 imo

180 2932 262 2999 hano
283 2934 381 3018 adyto
403 2957 514 3002 vocem
535 2939 767 3022 pavefactaque
789 2944 916 3023 pectora
937 2939 1049 3004 movit:

169 3028 274 3118 .‘quod
297 3039 379 3122 petis
400 3040 484 3123 hine,
507 3042 651 3126 propiore
672 3044 750 3124 loeo,
773 3044 923 3125 Romane,
946 3044 1093 3128 petissem

180 3145 212 3203 et
233 3147 307 3224 pete
328 3162 413 3207 nunc
434 3144 579 3228 propiore
601 3146 683 3211 loco:
706 3166 766 3211 nee
787 3146 933 3229 Apolline
954 3146 1056 3228 vobis,

180 3243 235 3324 qui
257 3244 379 3310 minuat
399 3247 511 3329 luctus,
531 3268 614 3332 opus
636 3254 693 3330 est,
716 3247 775 3314 sed
796 3249 941 3333 Apolline
962 3254 1046 3314 nato.

178 3344 223 3410 ite
244 3346 337 3412 bonis
358 3348 471 3415 avibus
492 3350 674 3434 prolemque
695 3352 848 3416 accersite
868 3346 1030 3416 nostram.³

221 3448 314 3515 Iussa
335 3449 387 3515 dei
409 3451 548 3537 prudens
570 3461 737 3539 pcstquam
759 3475 909 3538 accepere
931 3462 1069 3535 senatus,

179 3569 274 3633 quam
298 3553 389 3635 colat,
414 3555 588 3639 explorant,
612 3557 735 3623 iuvenis
756 3557 932 3622 Phoebeius
953 3560 1073 3638 urbem,

180 3653 296 3735 quique
317 3662 428 3739 petant
448 3659 554 3725 ventis
574 3659 747 3743 Epidauria
768 3660 867 3740 litora,
892 3660 1028 3735 mittunt.

180 3773 262 3835 quae
283 3755 376 3822 simul
397 3754 537 3827 incurva
550 3761 638 3827 missi
660 3762 792 3845 tetigere
815 3762 929 3842 carina,

1194 2968 1257 3013 ,15
