2934 4117
241 163 298 225 146
606 177 720 245 hlsqieo:
740 177 776 231 Il.
796 175 893 244 &alten

277 351 440 416 Threicias
461 350 540 416 fusis
562 348 735 415 Maenadas
757 349 803 415 ire
826 350 931 416 cornis.

235 461 270 519 ut
291 453 388 519 vitulo
411 453 511 538 mugit
533 473 591 519 sua
612 459 713 518 mater
733 452 776 518 ab
799 454 895 520 ubere
916 459 1007 537 rapto
1150 480 1152 484 ⁴

278 567 310 623 et
332 556 454 639 quaerit
476 557 559 622 fetus
581 577 637 642 per
658 575 770 622 nemus
792 576 886 622 omne
908 576 995 622 suos:
1046 552 1050 557 ’

235 660 280 726 sic
302 659 371 725 dea.
416 679 476 726 nec
498 659 613 725 retinet
634 660 770 744 gemitus
793 666 825 724 et
847 659 971 725 concita
993 678 1085 725 cursu
1191 666 1194 670 “

277 762 375 828 fertur
397 768 429 829 et
451 782 469 827 e
492 762 612 847 campis
633 762 752 847 incipit,
775 762 899 844 Henna,
921 762 992 827 tuis.

234 865 310 930 inde
331 865 479 951 puellaris
501 873 596 931 nacta
617 873 665 932 est
686 865 822 950 vestigia
843 866 971 948 plantae

278 975 310 1035 et
331 989 472 1054 pressam
495 975 569 1035 noto
590 968 730 1054 pondere
752 968 832 1034 vidit
854 968 993 1033 humum.

234 1072 365 1138 forsitan
388 1073 442 1137 illa
464 1071 534 1138 dies
555 1072 667 1137 erroris
688 1081 813 1137 summa
833 1070 953 1153 fuisset,

275 1175 303 1240 si
325 1196 389 1240 non
411 1176 591 1241 turbassent
613 1175 704 1260 signa
725 1179 851 1259 reperta
873 1193 954 1241 sues.

233 1279 360 1360 iamque
381 1279 551 1344 Leontinos
574 1279 800 1365 Amenanaque
821 1268 951 1343 flumina
973 1298 1064 1343 cursu
1280 1299 1313 1347 rs

277 1382 426 1467 praeterit
449 1388 481 1446 et
502 1382 596 1466 ripas,
619 1380 759 1448 herbifer
780 1382 848 1463 Aci,
870 1387 955 1447 tuas:

235 1485 436 1571 praeteritet
460 1485 591 1569 Cyanen
615 1490 647 1550 et
668 1484 773 1550 fontes
795 1485 875 1550 lenis
897 1484 1001 1569 Anapi

278 1594 310 1654 et
331 1595 372 1670 te,
395 1589 565 1654 verticibus
587 1609 650 1654 non
672 1587 820 1654 adeunde
842 1588 929 1654 Cela.

235 1694 369 1777 liquerat
391 1693 544 1778 Ortygien
566 1694 777 1777 Megareaque
799 1693 1046 1776 Pantagienque,

278 1817 402 1881 quaque
425 1796 633 1880 Symaetheas
655 1797 771 1881 accipit
792 1816 910 1878 aequor
930 1815 1040 1878 aquas,
1157 1835 1158 1838 =
1278 1813 1313 1861 so

235 1907 387 1983 antraque
410 1899 583 1984 Cyclopum
605 1899 716 1983 positis
738 1905 852 1964 exusta
874 1900 1005 1964 caminis
1165 1900 1171 1912 “

279 2003 394 2086 quique
415 2003 502 2068 locus
524 2022 639 2067 cur‘vae
661 2002 789 2067 nomina
811 2002 901 2068 falcis
922 2002 1028 2083 habet,

235 2107 427 2189 Himeraque
450 2114 481 2171 ot
502 2105 663 2191 Didymen
685 2106 929 2190 Acragantaque
950 2106 1243 2188 Tauromenumque

279 2230 500 2292 sacrarumque
521 2209 625 2274 Melan
647 2230 767 2294 pascua
788 2210 872 2274 laeta
893 2211 997 2275 boum.

236 2314 310 2378 hinc
333 2313 521 2380 Camerinan
543 2311 610 2377 adit
631 2312 845 2396 Thapsonque
867 2319 899 2378 et
920 2313 1049 2378 Heloria
1070 2313 1199 2396 Tempe,
1278 2328 1313 2378 85

279 2437 404 2500 quaque
425 2422 513 2502 patet
535 2406 673 2501 zephyro
695 2435 821 2501 semper
843 2421 970 2499 apertus
991 2416 1090 2499 Eryx.

236 2522 362 2603 iamque
383 2518 579 2585 Peloriadem
601 2519 828 2604 Lilybaeaque,
850 2520 976 2602 iamque
998 2518 1171 2603 Pachynon

278 2624 435 2704 lustrarat,
458 2629 560 2687 terrae
583 2642 699 2688 cornua
721 2623 804 2687 trina
826 2642 911 2689 suae.

237 2746 432 2812 quacumque
454 2722 638 2811 ingreditur,
660 2726 784 2791 miseris
805 2726 875 2791 loca
897 2731 1010 2791 cuncta
1031 2725 1165 2810 querelis

279 2832 398 2917 implet,
420 2836 456 2895 ut
477 2829 627 2896 amissum
650 2850 721 2896 curn
742 2830 841 2915 gemit
862 2831 929 2895 ales
951 2831 1035 2914 Ityn.
1280 2845 1316 2893 ao

237 2954 355 3019 perque
376 2933 463 2999 vices
484 2932 576 2998 modo
600 2925 847 3017 ‘Persephone!',
870 2932 963 2999 modo
987 2933 1083 2997 ‘filiai'
1108 2932 1236 2997 clamat:

281 3040 394 3103 clamat
416 3042 447 3102 et
468 3036 598 3101 alternis
619 3057 734 3102 nomen
757 3042 924 3119 utrumque
946 3036 1015 3100 ciet.

238 3140 294 3207 sed
316 3159 419 3223 neque
440 3138 641 3224 Persephone
664 3141 810 3205 Cererem
831 3158 891 3204 nec
912 3139 978 3204 filia
998 3144 1130 3203 matrem

280 3243 378 3326 audit,
402 3250 434 3309 et
456 3242 584 3308 alternis
606 3262 722 3307 nomen
745 3248 911 3325 utrumque
932 3243 1022 3327 perit.

239 3367 374 3430 unaque,
397 3353 555 3431 pastorem
578 3346 712 3411 vidisset
732 3366 774 3410 an
797 3366 874 3411 arva
896 3346 1059 3425 colentem,
1282 3369 1318 3417 95

281 3470 345 3515 vox
368 3456 435 3516 erat
458 3449 528 3514 ‘hae
549 3469 675 3533 gressus
698 3469 799 3532 ecqua
820 3451 925 3535 puella
946 3449 1048 3514 tuliti'

239 3553 303 3616 iam
325 3553 407 3617 color
428 3573 510 3619 unus
531 3552 614 3618 inest
635 3554 729 3619 rebus
752 3553 953 3637 tenebrisque
974 3557 1123 3637 teguntur

283 3654 397 3736 omnia,
420 3655 483 3719 iarn
504 3655 617 3737 vigiles
639 3656 815 3722 conticuere
839 3676 941 3722 canes.

241 3757 305 3819 alta
328 3756 409 3821 iacet
431 3759 512 3822 vasti
535 3777 628 3842 super
650 3780 704 3824 ora
725 3759 894 3844 Typhoiios
916 3761 1028 3845 Aetne,
