2934 4117
279 110 321 175 80
678 128 910 199 wdomotphnieu.

279 320 349 368 esse
371 302 481 382 solent,
505 301 670 384 qualemve
691 321 812 383 sonum,
837 323 907 367 cum
929 303 1070 386 Iuppiter
1092 308 1177 369 atras

279 404 432 488 increpuit
452 404 563 487 nubes,
586 411 728 470 extrema
750 405 886 470 tonitrua
906 404 1050 470 reddunt.

278 506 358 570 atria
379 507 471 572 turha
492 512 593 571 tenete
616 507 757 588 veniunt,
779 508 851 572 leve
872 508 995 590 vulgus,
1019 513 1155 590 euntque

278 610 440 691 mixtaque
463 629 534 673 cum
557 608 639 673 veris
660 608 780 693 passim
802 615 980 674 commenta
999 616 1155 693 vagantur

278 710 364 775 miha
385 732 543 776 rumorum
566 711 757 794 confusaque
780 714 878 777 rerba
899 712 1050 777 volutant.

279 835 296 879 e
319 813 431 896 quibus
453 814 487 879 hi
509 834 625 880 vacuas
647 815 780 897 implent
801 814 996 880 sermonibus
1018 834 1118 895 aures,

189 953 191 956 v
277 918 310 983 hi
331 924 458 983 narrata
479 917 583 983 serunt
604 919 666 984 alio
688 937 895 1000 mensuraque
917 917 982 982 ficti

277 1021 399 1104 crescit,
423 1028 454 1087 et
476 1021 592 1086 auditis
614 1020 732 1104 aliquid
755 1040 856 1087 novus
877 1020 975 1086 adicit
996 1025 1111 1085 auctor.

277 1124 341 1189 illio
363 1124 549 1206 Creduhtas,
572 1124 636 1189 iilic
658 1124 842 1189 temerarius
864 1124 957 1189 Error

278 1247 422 1310 vanaque
443 1226 579 1292 Laetitia
601 1233 649 1292 est
671 1227 924 1310 consternatique
945 1226 1087 1307 Timores

277 1328 457 1412 Seditioque
478 1348 592 1414 repens
614 1327 771 1413 dubioque
793 1335 920 1396 auctore
942 1329 1074 1396 Susurri.
1304 1410 1305 1414 Ἰ

276 1432 353 1516 ipsa,
378 1432 453 1514 quid
474 1434 508 1497 in
531 1432 617 1497 caelo
639 1451 743 1497 rerum
764 1433 939 1517 pelagoque
960 1437 1087 1516 geratur·
1202 1421 1203 1424 '

277 1542 308 1600 et
328 1536 447 1617 tellure,
469 1534 556 1601 videt
579 1541 739 1618 totumque
761 1535 888 1618 inquirit
909 1535 944 1599 in
965 1536 1080 1600 orbem.

318 1639 449 1702 Fecerat
471 1636 551 1703 haec
572 1644 681 1702 notum
703 1638 815 1704 Graias
838 1657 909 1705 eum
930 1637 1029 1702 mihte
1050 1635 1122 1701 forti

275 1740 448 1806 adventare
469 1747 562 1806 rates.
594 1760 696 1824 neque
718 1741 954 1825 inexspectatus
976 1740 1009 1805 in
1031 1738 1126 1804 armis

276 1843 372 1909 hostis
394 1843 498 1909 adest:
521 1843 688 1927 prohibent
709 1841 814 1909 aditus
835 1844 971 1925 litusque
993 1847 1119 1908 tuentur

274 1948 381 2027 Troes,
406 1953 437 2011 et
459 1947 614 2011 Hectorea
635 1946 754 2030 primus
776 1945 914 2010 fataliter·
936 1945 1036 2026 hasta,

275 2049 455 2130 Protesilae,
479 2049 580 2133 cadis;
605 2049 833 2131 commissaque
854 2048 973 2133 proelia
995 2067 1109 2131 magno

275 2158 359 2216 stant
380 2152 501 2217 Danais
523 2151 674 2234 fortisque
696 2153 821 2216 animae
843 2172 921 2217 nece
944 2149 1087 2234 cognitus
1110 2148 1233 2214 Hector.

275 2274 334 2319 nec
355 2254 498 2337 Phryges
521 2255 645 2337 exiguo,
669 2253 746 2337 quid
768 2254 906 2325 Achaica
928 2252 1060 2318 dextera
1081 2257 1195 2337 posset,

275 2357 429 2439 sunguine
451 2362 624 2422 senserunt.
661 2362 693 2420 et
714 2357 778 2421 iam
796 2358 897 2440 Sigea
917 2354 1074 2421 rubebant

275 2460 373 2540 litora,
397 2459 460 2523 iam
481 2460 544 2524 leto
566 2460 668 2542 proles
690 2460 851 2543 Neptunia
873 2460 1000 2544 Cycnus

275 2562 359 2626 mille
381 2561 464 2627 viros
487 2560 625 2642 dederat,
648 2562 712 2627 iam
736 2582 825 2628 curru
849 2563 986 2628 instabat
1007 2561 1146 2626 Achilles
1315 2581 1350 2630 35

275 2670 401 2746 totaque
422 2665 566 2728 Peliacae
589 2664 750 2730 sternebat
772 2665 909 2750 cuspidis
930 2666 994 2731 ictu

274 2766 403 2850 agmina
423 2787 541 2851 perque
563 2768 648 2833 acies
670 2773 724 2832 aut
747 2769 891 2860 Cycnum
912 2774 967 2833 aut
988 2769 1124 2832 Hectora
1146 2784 1301 2850 quaerens

275 2867 473 2954 congreditur
495 2870 613 2952 Cycno.
648 2869 803 2935 decimum
826 2869 940 2937 dilatus
961 2871 995 2936 in
1016 2890 1135 2934 annum

275 2973 389 3037 Hector
411 2979 486 3038 erat.
522 2978 587 3037 tum
611 2973 691 3038 eolla
711 2974 785 3056 iugo
808 2975 954 3039 canentia
975 2991 1099 3058 pressos

275 3075 457 3141 exhortatus
480 3094 576 3158 equos
599 3097 722 3141 currum
746 3076 860 3142 direxit
883 3078 915 3140 in
938 3075 1059 3141 hostem
1316 3093 1352 3144 so
1458 3140 1459 3163 ἶ

276 3176 519 3259 concutiensque
541 3178 605 3244 suis
627 3179 786 3244 vibrantia
807 3181 871 3244 tela
892 3179 1017 3244 lacertis

275 3271 425 3362 ‘quisquis
448 3298 491 3360 es,
514 3299 533 3346 o
554 3277 689 3346 iuvenis’
712 3279 802 3362 dixit,
826 3274 977 3347 ‘solamen
1000 3281 1113 3346 habeto

275 3382 391 3462 mortis,
415 3382 455 3446 ab
478 3383 652 3448 Haemonio
675 3384 759 3466 quod
781 3384 824 3450 sis
846 3383 1004 3467 iugulatus
1026 3375 1169 3448 Achillo.'

275 3482 425 3550 hactenus
447 3484 611 3552 Aeacides.
646 3507 756 3552 vocem
778 3489 884 3571 gravis
907 3487 997 3552 hasta
1019 3492 1127 3552 secuta
1148 3489 1203 3550 cst.
1458 3552 1459 3569 p

274 3586 331 3651 sed
353 3607 542 3670 quamquam
567 3595 652 3653 certa
674 3588 777 3655 nullus
800 3589 859 3655 fuit
882 3609 966 3654 error
986 3588 1019 3652 in
1042 3587 1142 3667 hasta,
1314 3603 1350 3654 sc
1458 3596 1459 3671 i

274 3688 320 3754 nil
341 3695 447 3755 tamen
470 3691 575 3758 emissi
597 3692 729 3777 profecit
751 3694 895 3759 acumine
918 3693 992 3758 ferri
1458 3674 1459 3701 ¹
