2934 4117
260 172 320 236 166
592 189 704 259 dtoqtm:
722 189 773 244 111.
792 188 953 259 assecuta.

256 358 382 444 iamque
404 361 514 426 decem
536 361 640 427 lustris
662 362 747 427 omni
771 363 839 428 sine
861 363 933 428 labe
954 363 1089 447 peractis

299 471 389 548 parte
410 484 535 549 premor
556 464 641 529 vitae
663 463 817 531 deteriore
840 486 939 547 meae,

256 586 316 631 nec
337 567 444 651 procul
465 588 486 631 a
507 568 609 649 metis,
632 588 711 650 quas
732 589 835 652 paene
857 574 966 634 tenere
988 569 1128 653 videbar,

299 669 450 735 cuniculo
471 670 579 754 gravis
601 677 649 736 est
669 670 756 735 facta
776 672 868 735 ruina
890 691 969 736 meo.

256 791 331 855 ergo
352 772 439 837 illum
462 773 592 838 demens
613 774 647 838 in
669 793 721 838 me
744 774 866 839 saevire
889 775 987 858 ootgi

265 922 266 925 ,
298 874 404 941 mitius
426 875 597 941 immensus
620 895 680 959 quc
703 875 782 941 nihil
804 877 888 943 orbis
910 876 1027 942 habet?

255 977 387 1062 ipsaque
409 976 531 1044 delictis
553 979 638 1043 victa
660 985 708 1044 est
730 980 897 1044 clementia
919 980 1043 1060 nostris,

298 1100 359 1146 nec
380 1086 487 1145 tamen
510 1081 604 1147 errori
626 1083 693 1147 vita
713 1088 832 1165 negata
852 1101 923 1147 mec
946 1082 1016 1147 est?

256 1183 322 1248 vita
343 1184 452 1268 procul
472 1184 575 1268 patria
597 1185 717 1249 Boreae
740 1184 923 1270 peragenda
944 1186 1002 1251 sub
1026 1205 1097 1267 axe,

299 1307 362 1369 qua
382 1288 478 1353 maris
500 1288 617 1353 Euxini
639 1296 723 1352 terra
745 1288 872 1353 sinistra
892 1287 995 1352 iacet?

255 1388 335 1455 haec
356 1389 433 1455 mihi
455 1391 481 1455 si
504 1389 619 1474 Delphi
641 1390 837 1473 Dodonaque
859 1389 976 1455 diceret
998 1391 1076 1474 ipsa,

299 1511 368 1558 esse
390 1492 550 1558 videretur
570 1512 673 1559 vanus
694 1499 826 1575 uterque
848 1493 943 1558 locus.

256 1594 300 1659 nil
321 1593 402 1662 adeo
423 1596 562 1661 validum
585 1602 642 1677 est,
665 1595 797 1661 adamas
819 1595 893 1660 iicet
913 1595 1032 1679 adliget
1053 1595 1138 1677 illud,

298 1705 333 1763 ut
354 1706 482 1763 maneat
503 1698 613 1782 rapido
635 1698 754 1764 firmins
776 1699 852 1783 igue
873 1699 966 1764 Iovis.

255 1801 300 1865 nil
321 1802 367 1867 ita
388 1801 521 1867 sublime
544 1809 591 1867 est
613 1821 770 1886 supraque
791 1802 930 1885 pericula
951 1800 1062 1882 tendit,

299 1924 361 1969 non
385 1904 425 1969 sit
445 1909 481 1970 ut
503 1903 633 1970 inferius
654 1905 912 1989 suppositumque
933 1904 1002 1969 deo.

256 2027 330 2071 narn
352 2027 540 2090 quamquam
563 2007 640 2073 vitio
661 2027 735 2091 pars
757 2014 805 2073 est
828 2014 988 2072 contracta
1011 2006 1172 2090 malorum,

300 2110 370 2193 plus
391 2116 497 2175 tamen
521 2110 610 2175 exitii
632 2109 771 2174 numinis
792 2110 840 2174 ira
863 2109 957 2175 dedit.

257 2218 289 2276 at
311 2232 367 2278 vos
388 2211 542 2277 admoniti
563 2213 678 2278 nostris
701 2232 825 2295 quoque
848 2212 972 2278 casibus
995 2219 1071 2295 este,

299 2322 486 2397 aequantem
510 2335 638 2399 superos
660 2316 830 2381 emeruisse
853 2316 967 2380 vimm!

594 2493 626 2567 8.
648 2497 949 2579 Solotttoqoccttc.

258 2624 313 2687 Ille
336 2643 395 2707 ego
417 2623 470 2705 qui
493 2622 614 2704 fuerim,
638 2629 815 2688 tenerorum
839 2623 921 2687 lusor
944 2643 1093 2704 amorum,

301 2745 392 2808 quem
415 2725 504 2809 legis,
527 2732 562 2790 ut
583 2726 677 2806 noris,
700 2726 809 2810 accipe
831 2726 1006 2809 posteritas.

258 2829 364 2894 Sulmo
387 2828 463 2892 milri
485 2829 588 2912 patria
610 2837 666 2908 est,
689 2827 803 2911 gelidis
825 2828 1000 2894 uberrimus
1021 2828 1124 2909 undis,

300 2931 387 2995 milia
409 2932 462 3013 qui
485 2932 594 2996 novies
616 2931 713 2995 distat
735 2931 776 2996 ab
799 2932 876 2996 urbe
898 2931 1017 2996 decern.

258 3034 360 3101 editus
382 3034 457 3098 hinc
478 3054 538 3117 ego
560 3055 643 3120 sum3
668 3054 811 3100 necnon
833 3040 870 3098 ut
890 3040 1032 3117 tempora
1054 3034 1152 3100 noris:

302 3157 372 3202 curn
396 3136 508 3201 cecidit
531 3138 595 3202 fato
619 3137 727 3202 consul
749 3142 880 3219 uterque
901 3137 978 3220 pari.

258 3238 362 3321 siquid
384 3239 417 3304 id
440 3246 496 3319 est,
521 3259 619 3323 usquc
640 3261 661 3304 a
682 3240 809 3323 proavis
831 3246 922 3306 vetus
944 3239 1063 3305 ordinis
1084 3241 1184 3320 heres,

302 3362 363 3406 non
387 3341 479 3408 modo
501 3341 646 3407 fortunae
668 3363 798 3407 munere
820 3342 923 3409 factus
945 3362 1050 3425 eques.

259 3463 319 3508 nec
340 3445 435 3528 stirps
456 3445 558 3528 prima
579 3444 639 3510 fui:
663 3446 770 3529 genito
794 3466 863 3511 sum
885 3446 982 3511 fratre
1005 3452 1136 3528 creatus,

303 3547 357 3627 qui
378 3548 478 3613 tribus
500 3556 574 3613 ante
597 3556 706 3631 qnater
728 3549 889 3614 mensibus
912 3556 996 3614 ortus
1019 3555 1095 3613 erat.

261 3648 385 3713 Lucifer
406 3651 569 3729 amborum
591 3652 750 3717 natalibus
772 3651 874 3716 adfuit
896 3651 994 3737 idem3

304 3769 367 3814 una
389 3752 546 3816 celebrata
568 3760 615 3817 est
638 3773 694 3837 per
714 3752 778 3817 duo
800 3754 865 3819 liba
887 3754 963 3820 dies.
