2934 4117
550 183 592 236 32.
610 181 784 263 llptbcqurcs.

194 354 236 420 At
258 360 349 421 retus
371 355 425 419 illa
445 359 543 436 aetas,
568 354 618 419 cui
639 353 773 418 fecimus
795 374 891 420 aurea
914 375 1038 439 nomen,

153 456 267 523 fetibus
289 457 429 523 arboreis
452 463 492 538 ct,
516 475 595 539 quas
617 455 730 521 humus
754 455 876 537 educat,
900 456 1006 523 herbis

153 558 309 623 fortunata
330 559 391 624 fuit
412 578 472 624 nec
494 559 604 643 polluit
626 579 681 624 ora
703 578 821 624 cruore.

153 668 227 726 tunc
249 668 280 726 et
302 680 379 726 aves
400 666 487 725 tutae
510 680 637 727 movere
658 680 714 745 per
736 667 810 726 a'e'ra
833 681 965 745 pennas,

154 771 184 828 et
205 763 296 848 lepus
318 763 497 848 impavidus
519 763 632 828 mediis
655 764 772 828 erravit
793 765 826 829 in
849 765 942 846 arvis,

152 886 211 932 nec
233 887 290 932 sua
313 865 481 936 credulitas
502 866 621 951 piscem
644 865 852 950 suspenderat
874 867 981 933 hamo:

154 976 267 1034 cuncta
289 968 358 1034 sine
379 967 502 1034 insidiis
524 970 706 1053 nullamque
728 969 872 1033 timentia
893 969 1038 1035 fraudem

153 1073 309 1157 plenaque
331 1072 419 1157 pacis
442 1078 540 1136 erant.
586 1079 753 1156 postquam
775 1092 839 1137 non
862 1072 948 1138 utilis
969 1079 1077 1138 auctor

155 1175 290 1240 victibus
312 1174 436 1256 invidit,
460 1176 602 1257 quisquis
625 1174 685 1241 fuit
707 1176 770 1256 illc,
793 1175 919 1240 leonum

155 1297 382 1362 corporeasque
404 1277 503 1362 dapes
526 1277 652 1342 avidam
675 1276 825 1343 demersit
845 1277 880 1342 in
901 1279 1018 1361 alvum,

155 1380 230 1445 fecit
251 1381 311 1446 iter
332 1381 451 1446 sceleri.
497 1380 661 1465 primoque
683 1401 702 1446 c
723 1380 821 1447 caede
843 1380 980 1446 ferarum

156 1482 322 1549 incaluisse
343 1490 436 1569 putes
458 1484 648 1549 maculatum
671 1484 827 1566 sanguine
848 1483 980 1569 ferrum3

155 1585 251 1670 idque
273 1587 351 1652 satis
372 1586 485 1668 fuerat,
509 1590 712 1669 nostrumque
734 1588 876 1672 petentia
896 1589 994 1652 letum

156 1710 286 1774 corpora
308 1690 405 1756 missa
426 1690 497 1755 neci
519 1691 609 1756 salva
630 1690 748 1774 pietate
771 1690 914 1755 fatemur.

156 1791 213 1857 sed
236 1813 330 1874 quam
352 1792 458 1858 danda
480 1793 560 1875 neci,
584 1799 649 1857 tam
671 1814 734 1859 non
757 1792 916 1877 epulanda
938 1794 1073 1858 fuerunt.

158 1894 280 1978 longius
301 1894 377 1960 inde
398 1895 488 1961 nefas
510 1896 598 1978 abiit,
622 1901 653 1960 et
675 1895 777 1979 prima
797 1902 924 1980 putatur

158 1997 260 2063 hostia
282 2018 336 2065 sus
358 1999 509 2064 meruisse
531 1997 619 2079 mori,
643 1999 716 2082 quia
739 2000 860 2064 semina
883 1998 988 2084 pando

158 2108 279 2166 eruerat
300 2108 400 2168 rostro
422 2120 574 2188 spemque
596 2102 798 2167 interciderat
820 2104 905 2168 anni.

158 2205 223 2271 vite
246 2225 340 2290 caper
361 2226 466 2272 morsa
487 2206 605 2271 Bacchi
627 2211 783 2272 mactatus
804 2205 847 2271 ad
868 2225 940 2271 aras

158 2308 272 2372 dicitur
292 2308 410 2374 ultoris.
455 2309 561 2375 nocuit
584 2329 641 2375 sua
663 2310 757 2394 culpa
777 2308 917 2375 duobust

159 2411 234 2494 quid
256 2411 413 2478 meruistis
435 2433 521 2495 oves,
543 2412 701 2498 placidum
723 2432 831 2497 pecus,
854 2413 950 2496 inque
973 2413 1107 2478 tuendos

159 2522 267 2579 natum
289 2514 442 2597 homines,
464 2516 558 2601 pleno
581 2536 662 2598 quae
682 2515 772 2581 fertis
793 2515 827 2580 in
850 2516 946 2581 ubere
969 2521 1086 2598 nectar,

159 2619 265 2683 mollia
287 2638 368 2703 quae
389 2620 482 2686 nobis
503 2626 626 2686 vestras
647 2619 806 2686 velamina
827 2618 917 2685 lanas

159 2721 318 2806 praebetis
340 2722 470 2806 vitaque
490 2723 593 2807 magis
616 2743 710 2807 quam
732 2728 832 2788 morte
854 2721 992 2788 iuvetis?

160 2822 235 2906 quid
257 2844 400 2891 meruere
421 2826 528 2907 boves,
552 2826 668 2891 animal
691 2825 759 2891 sine
782 2825 892 2891 fraude
914 2824 1067 2907 dolisque,

161 2928 339 3010 innocuum,
363 2929 509 3014 simplex,
531 2936 641 2994 natum
663 2930 796 2994 tolerare
817 2928 964 2993 labores?

160 3033 324 3097 immemor
346 3039 394 3099 est
416 3033 543 3099 demum
567 3053 627 3099 nec
649 3033 776 3117 frugum
798 3051 929 3097 munere
951 3030 1076 3114 dignus,

162 3133 216 3217 qui
238 3134 338 3219 potuit
360 3135 448 3203 curvi
469 3135 597 3221 dempto
619 3135 712 3202 modo
734 3135 873 3221 pondere
895 3134 991 3200 aratri

162 3236 325 3303 ruricolam
347 3244 486 3304 mactare
508 3260 609 3320 suum,
633 3238 687 3323 qui
708 3239 783 3303 trita
804 3239 910 3304 labore

162 3340 225 3422 illa,
249 3342 362 3424 quibus
384 3343 499 3408 totiens
520 3342 633 3408 durum
656 3348 863 3408 renovaverat
884 3362 1004 3423 arvum,

162 3443 347 3510 condiderat
369 3465 497 3527 messes,
520 3446 674 3531 percussit
697 3446 776 3511 colla
798 3445 908 3511 securi.

162 3565 223 3612 nec
245 3548 322 3614 satis
344 3556 402 3630 est,
426 3548 509 3632 quod
530 3550 593 3614 talc
615 3549 707 3614 nefas
729 3548 945 3614 committitur:
968 3546 1054 3631 ipsos

162 3649 351 3735 inscripsere
372 3651 451 3718 deos
472 3653 591 3735 sceleri,
615 3671 795 3734 numenque
817 3670 989 3736 supernum

162 3751 262 3819 caede
283 3754 444 3821 laboriferi
466 3754 597 3821 credunt
618 3755 758 3839 gaudere
780 3753 915 3822 iuvenci.
