2934 4117
264 183 310 247 22
656 198 890 268 lltctcmmpbnten.

261 366 365 438 ‘infiee
387 374 461 438 tabe
483 378 537 437 tua
559 378 704 437 natarum
727 371 875 457 Cecropis
898 392 1007 457 unam;
1307 392 1342 439 aa

262 474 307 540 sic
329 495 408 560 opus
431 481 486 540 est.
531 476 689 559 Aglaurus
712 495 750 540 ea
773 472 840 540 est.²
884 475 971 539 haud
992 476 1082 559 plura
1103 476 1208 541 locuta

261 577 343 662 fugit
365 585 397 643 et
418 578 571 663 impressa
593 580 736 643 tellurem
759 579 896 662 reppulit
917 577 1016 643 hasta.

261 681 315 745 illa
337 680 430 747 deam
451 682 577 763 obliquo
599 681 774 764 fugientem
797 681 914 745 lumine
937 701 1069 746 cernens

262 805 421 849 murmura
442 805 541 869 parva
563 783 649 849 dedit
672 804 952 866 successurumque
972 783 1134 849 Minervae

149 977 151 981 ι
262 886 405 953 indoluit.
451 889 660 970 baculumque
683 887 777 971 capit,
801 886 885 969 quod
907 886 1018 970 spinea
1041 893 1139 951 tntum
1308 907 1345 955 ac

262 990 389 1056 vincula
411 991 591 1075 cingebant,
614 989 828 1073 adopertaque
851 989 987 1054 nubibus
1009 990 1095 1070 atris,

263 1101 458 1177 quacumque
479 1092 663 1176 ingreditur,
685 1092 830 1157 florentia
851 1092 981 1176 proterit
1001 1112 1080 1156 arva

263 1196 428 1278 exauritque
450 1195 566 1261 herbas
589 1202 620 1259 et
642 1215 765 1260 summa
788 1195 952 1258 cacumina
975 1195 1075 1278 carpit

263 1298 442 1381 adflatuque
466 1318 522 1363 suo
544 1300 675 1382 populos
697 1299 854 1380 urbesque
876 1296 1047 1380 domosque

263 1402 381 1485 polluit.
427 1408 459 1466 et
480 1400 610 1466 tandem
631 1401 797 1466 Tritonida
818 1401 971 1485 conspicit
992 1422 1097 1466 arcem
1310 1424 1345 1471 35

262 1505 399 1588 ingeniis
422 1505 598 1589 opibusque
621 1512 652 1568 et
675 1504 757 1569 festa
779 1525 858 1589 pace
880 1505 1045 1587 virentem,
1117 1499 1119 1502 ’

265 1607 381 1690 vixque
404 1614 491 1673 tenet
512 1608 668 1689 lacrimas,
692 1608 767 1690 qnia
789 1608 833 1671 nil
855 1608 1048 1673 lacrimabile
1071 1609 1179 1673 cernit.

264 1711 319 1778 sed
341 1719 507 1797 postquam
530 1712 685 1777 thalamos
707 1712 838 1776 intravit
860 1712 999 1796 Cecrope
1021 1719 1125 1793 natae,

263 1815 349 1880 iussa
370 1814 446 1880 facit
468 1820 640 1900 pectusque
663 1835 759 1879 manu
781 1814 941 1897 ferrugine
963 1814 1062 1878 tincta

264 1918 367 2002 tangit
389 1924 421 1983 et
442 1917 579 1983 hamatis
601 1905 787 2003 praecordia
809 1917 952 1982 sentibus
973 1917 1082 2001 implet
1311 1940 1347 1988 40

264 2022 457 2105 inspiratque
480 2041 597 2087 nocens
619 2022 705 2087 virus
727 2021 914 2105 piceumque
936 2041 993 2105 per
1014 2041 1086 2084 ossa

265 2123 398 2209 dissipat
420 2132 451 2188 et
473 2124 576 2188 medio
599 2124 719 2208 spargit
741 2124 889 2208 pulmone
911 2142 1077 2187 venenum.

658 2303 690 2373 8.
720 2306 899 2388 bratteas.

307 2426 429 2508 dicebat
450 2428 545 2490 tcmmt
568 2428 615 2507 cof
633 2427 723 2504 trinua
743 2425 821 2507 gaqe
843 2427 919 2508 turb
942 2426 980 2489 bie
999 2426 1070 2491 acen
1087 2440 1138 2490 non
1157 2427 1250 2508 bobien
1269 2428 1298 2491 iu

265 2520 328 2598 tuuc
348 2521 454 2599 tjeimd
475 2519 578 2600 {steten
599 2522 653 2584 unt
676 2519 742 2583 miri
765 2534 826 2583 tam
845 2521 924 2583 butte
945 2519 994 2584 mit
1016 2522 1120 2601 grabam
1140 2522 1223 2589 suro
1243 2525 1297 2583 unt

265 2613 397 2696 qttttidqen
412 2614 500 2695 &bren
515 2616 677 2695 cmptungea.
713 2615 782 2677 tiber
797 2617 840 2677 ter
855 2614 944 2696 aaa
958 2614 1092 2695 tempus
1107 2615 1137 2694 qt
1151 2615 1201 2695 teia
1216 2614 1297 2690 seina

265 2712 319 2773 unt
333 2710 455 2789 termrbrt
470 2712 526 2771 tem
542 2709 622 2771 batte
637 2707 675 2771 bie
690 2709 843 2790 berebrnng
860 2712 904 2773 bet
919 2706 1026 2773 (datm

307 2846 403 2910 Liber
425 2845 514 2910 adest
535 2844 687 2928 festisque
709 2846 847 2910 fremunt
868 2845 1038 2912 ululatibus
1060 2847 1141 2931 agri:

266 2950 358 3015 turba
379 2948 441 3012 ruit
462 2948 645 3031 mixtaeque
667 2949 743 3012 viris
766 2955 943 3030 matresque
967 2969 1124 3031 nurusque

266 3053 442 3135 vulgusque
463 3071 671 3135 proceresque
691 3053 802 3137 ignota
823 3051 866 3116 ad
888 3072 978 3116 sacra
1000 3052 1149 3117 feruntur.

267 3151 347 3239 ‘quis
369 3155 462 3237 furor,
485 3156 694 3239 anguigenae‚
711 3157 822 3241 ⁴proles
843 3157 1007 3237 Mavortia,
1030 3162 1150 3221 vestras

266 3258 401 3324 attonuit
423 3254 579 3323 mentes?'
602 3259 763 3324 Pentheus
784 3259 843 3344 ait,
867 3253 993 3324 ‘aerane
1015 3265 1137 3323 tantum
1332 3282 1357 3329 5v

266 3383 339 3428 aere
361 3363 486 3447 repulsa
508 3363 616 3427 valent
639 3370 670 3428 et
691 3362 815 3429 adunco
838 3362 917 3448 tibia
939 3383 1034 3427 cornu

268 3474 300 3531 et
320 3466 463 3548 magicae
485 3465 622 3547 fraudes,
646 3472 689 3548 nt,
713 3486 791 3548 quos
813 3486 877 3530 non
899 3466 1029 3531 bellicus
1052 3466 1144 3545 ensis,

268 3591 330 3634 non
352 3569 428 3633 tuba
450 3569 604 3651 terruerit,
628 3589 691 3635 non
714 3569 829 3635 strictis
851 3569 981 3652 agmina
1003 3568 1083 3648 telis,

268 3672 424 3736 femineae
445 3692 539 3737 voces
562 3678 593 3738 et
614 3679 700 3739 mota
720 3673 846 3737 insania
868 3672 942 3737 vino

268 3774 459 3857 obscenique
480 3795 593 3860 greges
617 3782 649 3841 et
670 3776 781 3840 inania
802 3783 956 3859 tympana
978 3775 1129 3840 vincant?
1316 3798 1349 3845 10
