2934 4117
584 191 624 245 32.
643 186 817 258 telesperus.

183 384 283 449 nuper
303 362 458 430 Abanteis
479 361 595 447 templo
616 360 746 426 Iunonis
767 361 800 425 in
824 361 926 445 Argis.

133 482 141 489 “
171 451 477 547 enumerantur,
500 464 579 529 nihil
600 463 717 529 interit.
763 470 845 528 errat
867 470 898 529 et
921 464 1008 530 illino

183 569 244 634 huo
266 569 363 651 venit,
386 567 461 633 hinc
481 567 566 647 illuc‚‘
588 573 619 631 et
642 566 798 649 quoslibet
819 574 951 652 occupat
972 573 1059 634 artus

184 671 311 756 spiritus
333 690 414 755 eque
435 670 511 736 feris
532 669 674 735 humana
693 664 734 734 in¹
750 688 879 753 corpora
900 670 1013 736 transit

183 775 279 857 inque
300 774 386 840 ieras
407 780 515 840 noster
535 792 595 838 nec
616 764 763 856 tempore
779 771 902 857 deperit
922 773 995 837 ullo.

183 883 279 960 utque
301 877 392 942 novis
413 875 516 941 facilis
538 876 680 960 signatur
702 892 774 949 cera
795 874 912 958 liguris,
1245 895 1279 945 oc

169 999 244 1045 nec
265 985 373 1044 manet
394 984 430 1044 ut
451 977 563 1059 fuerat,
587 995 647 1042 nee
668 976 801 1045 formam
823 983 929 1043 servat
952 978 1096 1061 eandem,

185 1082 241 1150 sed
263 1088 368 1147 tamen
391 1082 461 1166 ipsa
483 1081 595 1146 eodem
617 1076 679 1145 est:
706 1079 845 1144 animam
867 1081 913 1146 sic
935 1100 1060 1167 semper
1082 1082 1215 1148 eandem

186 1205 264 1266 esse,
287 1183 344 1249 sed
366 1184 400 1249 in
415 1183 527 1248 'varias
549 1182 646 1248 doceo
669 1182 805 1266 migrare
827 1181 953 1267 figuras.
1131 1172 1133 1177 ’

186 1308 269 1373 ergo,
291 1307 333 1352 nc
354 1287 456 1373 pietas
478 1287 519 1352 sit
539 1286 625 1351 victu
646 1284 794 1370 cupidine
816 1285 944 1369 ventris,

186 1391 314 1477 parcite,
336 1389 499 1471 vaticinor,
523 1395 674 1474 cognatas
696 1388 795 1454 caede
816 1380 975 1455 nefanda
1231 1409 1281 1459 100

170 1494 354 1561 exturbare
375 1493 508 1573 animas,
531 1512 590 1558 nec
606 1486 767 1576 'sanguine
790 1493 920 1575 sanguis
941 1494 1051 1558 alatur.

228 1598 270 1661 Et
291 1597 439 1679 quoniam
462 1616 578 1678 magno
600 1595 683 1661 feror
703 1588 841 1678 aequore
862 1596 1019 1680 plenaque
1040 1597 1145 1662 ventis

187 1699 259 1765 vela
281 1698 370 1764 dedi:¹
392 1697 471 1762 nihil
494 1704 543 1764 est
564 1704 639 1778 toto,
664 1696 748 1780 qnod
769 1704 898 1781 perstet,
920 1698 954 1764 in
977 1699 1060 1764 orbe.

188 1808 300 1868 ennete
321 1800 432 1882 fluunt,
455 1800 619 1884 omnisque
642 1793 768 1883 vagans
786 1799 937 1865 formatur
958 1801 1072 1886 imago.

187 1906 257 1990 ipsa
279 1924 402 1987 quoqne
423 1901 556 1969 adsiduo
577 1904 727 1969 labuntur
748 1909 889 1988 tempora
911 1910 1006 1986 motu,
1124 1966 1128 1971 ,
1217 1915 1281 1971 'ros

187 2028 251 2073 non
274 2027 364 2073 secus
385 2026 424 2072 ac
444 2001 572 2075 flumen.
616 2022 720 2088 neque
743 2005 827 2070 eninr
851 2007 1020 2077 consistere
1042 2006 1160 2072 flumen

189 2130 249 2175 neo
270 2109 349 2175 levis
372 2109 449 2174 hora
469 2115 587 2194 potest3
611 2106 669 2174 sed
690 2118 725 2173 ut
747 2108 834 2174 unda
856 2109 1026 2193 impellitur
1047 2109 1134 2173 uude

189 2219 400 2297 urgueturque
421 2213 506 2296 prior
527 2211 675 2276 veniente
697 2217 872 2295 urguetque
893 2213 1038 2296 priorem,
1090 2202 1093 2209 ’

189 2323 330 2399 tempora
351 2314 397 2380 sic
418 2314 544 2398 fugiunt
565 2314 683 2399 pariter
703 2314 882 2398 pariterque
905 2320 1078 2397 sequuntur
1151 2324 1156 2329 ’

190 2425 221 2483 et
242 2438 326 2483 nova
347 2423 421 2483 sunt
443 2437 574 2501 semper.
605 2437 680 2482 nam
703 2415 787 2499 quod
809 2416 868 2482 fuit
890 2423 972 2499 ante,
997 2418 1138 2482 relictum
1162 2422 1219 2498 est,
1235 2433 1283 2482 110

189 2521 296 2603 fitquc,
320 2520 403 2603 quod
425 2519 511 2585 haud
532 2519 645 2602 fuerat,
673 2526 896 2602 momentaque
918 2526 1031 2586 cuncto
1053 2527 1218 2584 novantur.

190 2624 292 2690 cernis
315 2631 347 2688 et
368 2642 514 2688 emensas
535 2622 569 2688 in
591 2622 692 2688 lucem
715 2623 846 2689 tendere
869 2629 986 2704 noctes,

192 2733 224 2792 et
244 2726 334 2791 iubar
355 2724 415 2791 hoe
437 2725 571 2813 nitidum
593 2726 705 2810 nigrae
727 2724 896 2791 succedere
918 2726 1012 2792 nocti.
1041 2758 1043 2761 ·

191 2849 250 2894 nec
272 2829 355 2894 color
377 2835 425 2893 est
446 2827 531 2892 idem
554 2828 650 2909 caelo,
673 2848 745 2893 cum
767 2829 851 2893 lassa
873 2829 978 2911 quiete

192 2939 304 2997 cuneta
326 2931 430 2996 iacent
452 2930 566 3011 media,
590 2951 724 3014 cumque
745 2931 818 2997 albo
841 2932 967 2997 Lucifer
990 2931 1056 2998 exit
1206 2967 1208 2971 .
1237 2948 1285 2997 115

191 3035 292 3100 clarus
315 3053 410 3119 equo;
432 3052 602 3115 rursusque
622 3034 713 3115 alius,
736 3053 808 3099 eum
830 3035 960 3118 praevia
982 3034 1060 3100 lucis
1128 3064 1133 3074 ·

191 3136 379 3202 tradendum
400 3135 528 3201 Phoebe
549 3136 722 3202 Pallantias
744 3135 843 3201 inficit
865 3138 981 3203 orbem.

192 3241 260 3325 ipse
281 3238 333 3305 dei
356 3239 484 3325 clipeus,
507 3245 591 3304 terra
612 3259 683 3305 cum
705 3240 823 3306 tollitur
844 3241 917 3322 ima,

191 3362 285 3407 manc
307 3343 408 3423 rubet,
431 3349 585 3426 terraque,
608 3343 805 3424 rubet,.cum
828 3343 972 3409 conditur
993 3343 1069 3425 ima,
1127 3404 1130 3409 .

192 3443 345 3512 candidus
367 3446 400 3510 in
423 3465 543 3512 summo
566 3451 623 3527 est,
646 3440 755 3512 melior
777 3454 889 3512 natura
911 3446 995 3530 quod
1015 3445 1079 3512 illio
1207 3478 1210 3487 <
1238 3459 1289 3508 rco

191 3547 328 3614 aetheris
350 3554 399 3614 est
419 3554 583 3631 terraeque
604 3550 712 3633 procul
734 3550 882 3633 contagia
902 3549 993 3634 fugit

193 3669 253 3716 uec
273 3672 331 3735 por
352 3657 407 3716 aut
429 3648 541 3717 eadem
563 3658 734 3718 nocturnae
756 3653 857 3718 forma
878 3654 1002 3719 Dianae

193 3772 263 3818 esse
285 3760 390 3838 potest
411 3774 558 3837 unquam.
604 3775 790 3841 semperque
813 3755 964 3822 hodierna
986 3761 1144 3838 sequente,
