2934 4117
508 188 549 240 20.
568 184 688 254 Drpbeue
707 184 759 239 sub
778 183 908 255 bombice.
1173 172 1217 236 63

190 357 285 438 inque
307 356 415 422 domos
436 357 557 442 inopes,
580 356 712 422 adsueta
733 359 898 423 revertitur
919 364 1032 442 antra„
1248 380 1282 428 80

232 459 328 524 Lenis
350 458 454 524 adhuc
476 480 603 524 somnus
625 459 758 544 placidis
779 459 1011 544 Erysichthona
1031 461 1145 545 pennis

190 561 361 626 mulcebat:
385 563 464 647 petit
485 562 538 626 ille
560 562 657 646 dapes
680 563 738 626 sub
761 563 901 646 imagine
923 563 1024 629 somni

191 684 308 745 oraque
331 685 414 729 vana
435 672 541 729 movet
564 663 753 746 dentemque
776 666 809 730 in
831 665 926 730 dente
947 665 1062 750 fatigat

191 772 379 848 exercetque
401 766 637 831 oibo'delusum
659 774 766 849 guttur
788 768 875 832 inani

191 889 310 953 proque
332 869 432 953 epulis
454 875 565 934 tenues
586 870 777 952 nequiquam
799 869 929 935 devorat
950 891 1051 936 auras.
1230 881 1283 940 'es

191 977 227 1036 ut
247 991 322 1037 vero
344 978 392 1036 est
414 973 548 1055 expulsa
569 972 666 1055 quies,
689 972 764 1036 furit
785 972 877 1037 ardor
899 972 1013 1037 edendi

192 1093 309 1158 perque
331 1073 441 1139 avidas
463 1074 571 1138 fauces
592 1074 808 1157 immensaque
830 1075 952 1140 viscera
972 1082 1093 1158 regnat.

192 1196 252 1241 nec
273 1197 374 1241 mora:
398 1176 482 1259 quod
503 1183 627 1260 pontus,
651 1177 734 1259 quod
757 1184 848 1259 terra,
871 1177 954 1259 quod
977 1177 1091 1243 educat
1111 1184 1174 1260 aer,

192 1278 293 1363 poscit
315 1285 347 1343 et
368 1280 521 1363 appositis
544 1280 682 1362 queritur
703 1279 821 1344 ieiunia
843 1281 960 1345 mensis

193 1381 289 1463 inque
310 1382 411 1466 epulis
433 1382 542 1466 epulas
565 1383 699 1466 quaerit;
723 1381 868 1464 quodque
889 1382 1019 1448 urbibus
1042 1402 1111 1448 esse
1250 1403 1284 1450 oo

193 1482 338 1565 quodque
360 1485 437 1549 satis
459 1491 582 1568 poterat
602 1484 728 1568 populo,
752 1505 816 1548 non
839 1484 955 1549 sufficit
976 1486 1045 1569 uni3

193 1586 325 1670 plusque
348 1587 442 1670 cupit,
466 1606 527 1668 quo
549 1586 639 1670 plura
661 1607 750 1651 suam
773 1586 910 1651 demittit
930 1587 963 1650 in
986 1586 1100 1651 alvum.

193 1693 288 1770 utque
311 1687 424 1752 fretum
446 1688 557 1772 recipit
579 1687 619 1752 de
641 1695 707 1753 tota
727 1687 857 1753 flumina
879 1695 962 1753 terra
1066 1707 1068 1713 ’

194 1810 254 1855 nec
275 1790 406 1855 satiatur
427 1791 518 1873 aquis
539 1791 784 1874 peregrinosque
806 1791 905 1856 ebibit
926 1810 1045 1873 amnes,

194 1899 288 1975 utque
311 1913 411 1977 rapax
433 1894 517 1976 ignis
539 1914 602 1958 non
624 1913 764 1975 unquam
786 1893 936 1958 alimenta
957 1901 1081 1959 recusat
1252 1916 1284 1963 es

194 1996 436 2077 innumerasque
458 1997 564 2062 trabes
587 2001 704 2060 cremat
727 2002 768 2077 et,
791 2015 853 2078 quo
874 1997 965 2080 copia
987 1996 1086 2060 maior

195 2105 243 2163 est
264 2097 348 2179 data,
371 2099 462 2182 plura
482 2098 562 2182 petit
583 2099 737 2180 turbaque
758 2098 900 2163 voracior
921 2099 991 2183 ipsa
1013 2106 1074 2164 est:

195 2200 241 2266 sic
262 2201 371 2284 epulas
393 2220 501 2266 omnes
522 2200 762 2284 Erysichthonis
783 2221 838 2265 ora
859 2201 982 2284 profani

195 2304 353 2389 accipiunt
375 2310 570 2388 poscuntque
593 2304 692 2368 simul.
728 2304 817 2368 cibus
835 2304 940 2368 omnis
962 2304 994 2367 in
1016 2304 1068 2369 illo

196 2427 291 2471 causa
313 2407 375 2471 cibi
398 2412 446 2472 est
467 2426 653 2490 semperque
675 2407 761 2471 locus
782 2405 818 2470 fit
839 2406 943 2471 inanis
965 2406 1096 2471 edendo.
1238 2427 1288 2474 roo

196 2508 244 2574 vis
266 2516 372 2574 tamen
385 2509 449 2573 illa
471 2509 545 2573 mali
567 2515 732 2592 postquam
757 2515 992 2592 consumpserat
1013 2528 1137 2573 omnem

196 2612 359 2676 materiam
381 2611 574 2693 deerantque
595 2612 686 2695 gravi
707 2632 792 2676 nova
813 2612 930 2695 pabula
951 2611 1068 2693 morbo,

197 2715 264 2798 ipse
287 2734 359 2780 suos
381 2719 467 2778 artus
488 2714 592 2779 lacero
615 2713 766 2779 divellere
786 2735 891 2779 morsu

198 2817 298 2901 coepit
321 2823 353 2883 et
374 2817 485 2882 infelix
508 2816 677 2882 minuendo
701 2837 812 2901 corpus
834 2817 948 2881 alebat.

453 2996 507 3064 20.
531 2999 685 3081 brancas
706 3001 773 3066 aab
798 2999 967 3079 11111111.

241 3126 323 3189 Ecce
344 3144 401 3208 per
422 3124 608 3189 immensum
630 3144 738 3189 croceo
759 3124 882 3189 velatus
904 3123 1020 3188 amictu

199 3226 328 3291 aethera
350 3226 522 3311 digreditur
544 3227 757 3307 Ciconumque
779 3227 984 3309 Hymenaeus
1005 3225 1046 3289 ad
1068 3246 1139 3292 oras

201 3329 300 3394 tendit
323 3335 355 3394 et
376 3329 503 3413 Orphea
524 3329 715 3411 nequiquam
736 3348 815 3393 voce
837 3333 975 3393 vocatur.

200 3431 299 3497 adfuit
321 3433 373 3496 ille
395 3431 531 3514 quidem,
554 3430 611 3499 sed
632 3450 692 3496 1111
713 3430 878 3496 sollemnia
898 3430 996 3495 verba

201 3554 260 3599 nec
280 3535 380 3600 laetos
402 3535 506 3599 vultus
528 3554 588 3599 nec
608 3533 686 3599 felix
708 3534 813 3598 attulit
835 3553 936 3597 omen.
1107 3552 1110 3557 '
1261 3552 1279 3602 s

201 3637 256 3702 fax
280 3657 412 3720 quoque,
436 3656 530 3719 quam
552 3635 662 3717 tenuit,
685 3636 848 3700 lacrimoso
870 3633 1001 3700 stridula
1022 3633 1108 3700 fumo

201 3760 300 3824 usque
321 3739 381 3804 fuit
403 3739 565 3822 nullosque
587 3739 710 3805 invenit
731 3737 866 3804 motibus
887 3740 987 3824 ignes,
