2934 4117
139 227 141 229 .
238 186 298 248 148
609 202 720 271 (ileqicuz
740 202 775 256 11.
795 201 893 269 {icitur

278 395 370 459 surge
393 396 452 440 neo
474 376 610 459 exiguae
632 374 760 458 despice
782 380 866 439 tecta
887 377 1004 441 oasael'

235 477 284 542 cui
307 477 368 543 dea
390 476 484 542 ‘duel'
506 477 616 561 inquit.
662 477 768 559 scisti,
792 497 855 560 qua
877 497 989 561 cogere
1012 481 1140 563 posses,'

207 662 209 665 ι
277 599 374 663 seque
397 582 481 646 levat
503 601 581 646 saxo
603 580 865 662 subsequiturque
888 599 1004 646 senem.

235 684 301 748 dux
323 685 427 748 comiti
450 689 565 766 narrat,
589 704 683 766 quam
706 682 747 748 sit
769 682 829 748 sibi
851 682 934 750 filius
956 702 1052 766 aeger

277 806 337 851 nec
359 787 464 871 capiat
486 806 611 851 somnos
633 786 840 870 invigiletque
861 784 961 851 malis.

235 889 288 953 illa
310 888 524 973 soporiferum,
547 909 662 972 parvos
684 889 801 953 initura
822 894 964 972 penates,

279 992 396 1076 colligit
417 993 535 1076 agresti
556 993 628 1057 lene
650 1012 791 1076 papaver
812 992 915 1057 humo.

237 1093 310 1159 dum
334 1094 420 1178 legit,
444 1094 540 1159 oblito
563 1095 662 1159 fertur
682 1100 828 1179 gustasse
849 1095 955 1178 palato

278 1198 468 1282 longamque
490 1196 672 1282 imprudens
685 1197 868 1263 vexsoluisse
890 1197 1016 1262 famem.

237 1321 318 1383 quae
340 1301 415 1384 quia
435 1301 588 1386 principio
609 1300 714 1386 posuit
734 1300 853 1365 ieiunia
875 1301 984 1381 noetis,

280 1410 404 1488 tempus
425 1404 545 1470 habent
567 1410 691 1488 mystae
713 1403 817 1469 sidera
838 1403 908 1468 visa
931 1403 1001 1468 eibi.

237 1508 332 1572 limen
354 1514 389 1572 ut
410 1508 549 1589 intravit,
572 1507 674 1573 luctus
695 1505 784 1571 videt
806 1506 912 1571 omnia
932 1507 1035 1589 plena.
1146 1526 1149 1529 ’

279 1611 343 1675 iam
365 1631 438 1694 spes
459 1611 492 1674 in
514 1630 611 1695 puero
634 1610 720 1674 nulla
743 1610 852 1675 salutis
875 1615 950 1674 erat.

238 1720 336 1778 matre
358 1713 493 1778 salutata
515 1750 556 1759 —
578 1719 678 1777 mater
699 1713 854 1777 Metanira
875 1717 1005 1776 vocatur
1026 1749 1068 1758 —-

279 1816 411 1900 iungere
433 1814 565 1900 dignata
587 1822 634 1880 est
656 1835 690 1879 os
712 1815 832 1899 puerile
855 1833 919 1880 suo.

176 1954 178 1958 ·
238 1919 337 2004 pallor
358 1918 435 1999 abit,
458 1919 641 2000 subitasque
664 1918 775 1983 vident
795 1919 827 1982 in
852 1937 980 2001 corpore
1001 1917 1099 1982 vires:

281 2027 387 2086 tantus
409 2021 535 2086 caelesti
557 2021 645 2085 venit
667 2022 707 2086 ab
730 2040 783 2085 ore
806 2021 904 2102 vigor.

239 2133 305 2189 tota
327 2124 437 2190 domus
460 2126 544 2189 laeta
567 2130 622 2207 est,
646 2123 706 2189 hoc
728 2130 777 2188 est
799 2130 961 2205 materque
982 2128 1134 2207 paterque

281 2235 427 2310 nataque.
451 2234 514 2292 tres
536 2228 581 2291 illi
603 2233 669 2293 tota
691 2226 778 2291 fuere
801 2226 919 2291 domus.

239 2351 313 2396 mox
336 2332 444 2414 epulas
466 2337 596 2414 ponunt,
619 2330 795 2412 liquefacta
814 2330 945 2414 coagula
967 2329 1050 2395 lacte

281 2454 436 2517 pomaque
460 2439 490 2497 et
511 2433 544 2498 in
568 2434 647 2499 ceris
670 2453 767 2498 aurea
788 2433 883 2497 mella
904 2432 977 2498 suis.

239 2537 377 2601 abstinet
398 2536 482 2601 alma
505 2537 598 2602 Ceres
621 2537 785 2617 somnique
807 2555 968 2620 papavera
989 2555 1100 2600 causas
1281 2554 1332 2601 155

282 2639 337 2703 dat
358 2639 416 2703 tibi
439 2660 509 2704 oum
531 2639 637 2724 tepido
659 2640 741 2704 lacte
762 2638 909 2721 bibenda,
933 2658 1019 2722 puer.

240 2742 340 2808 noctis
363 2748 429 2807 erat
451 2741 589 2807 medium
611 2742 791 2827 placidique
813 2741 938 2809 silentia
960 2741 1074 2806 somni:

281 2845 507 2929 Triptolemum
528 2846 647 2929 gremio
671 2845 795 2911 sustulit
815 2846 870 2910 illa
892 2865 948 2910 suo

240 2955 349 3032 terque
370 2968 466 3012 manu
488 2948 651 3031 permulsit
673 2969 755 3028 eum,
778 2948 838 3012 tria
860 2947 999 3011 carmina
1021 2945 1111 3026 dixit,

284 3052 423 3116 carmina
444 3052 567 3117 mortali
590 3072 653 3117 non
674 3051 842 3116 referenda
864 3070 950 3132 sono,

240 3155 335 3237 inque
357 3154 427 3219 foco
450 3174 561 3238 corpus
583 3155 671 3239 pueri
694 3155 822 3219 vivente
844 3154 954 3219 favilla

283 3257 395 3337 obruit,
417 3256 590 3322 humanum
612 3263 725 3342 purget
747 3267 782 3323 ut
804 3258 887 3342 ignis
910 3277 998 3323 onus.

241 3361 397 3425 excutitur
419 3381 527 3426 somno
550 3361 644 3426 stulte
666 3362 719 3445 pia
741 3367 842 3425 mater
864 3368 895 3426 et
917 3381 1026 3426 amens

284 3462 370 3545 ‘quid
391 3463 501 3529 facist'
525 3464 682 3528 exclamat
703 3465 907 3547 membraque
929 3465 969 3528 ab
992 3463 1067 3546 igne
1089 3463 1179 3547 rapit.

242 3567 291 3630 cui
313 3565 374 3630 dea
396 3566 480 3630 ‘dum
503 3586 566 3632 non
589 3572 642 3647 es,'
666 3566 747 3631 dixit
770 3566 931 3633 ‘scelerata
952 3565 1053 3631 fuisti:
1285 3584 1334 3631 ros

283 3667 371 3732 irrita
392 3675 534 3734 materno
555 3675 628 3734 sunt
650 3689 722 3734 mea
744 3669 828 3735 dona
850 3676 943 3734 metu.

244 3769 302 3834 iste
324 3769 450 3852 quidem
472 3772 610 3837 mortalis
632 3773 699 3854 erit,
723 3772 779 3838 sed
801 3773 920 3858 primus
942 3772 1044 3838 arabit
