2934 4117
517 186 558 238 34.
577 182 715 254 bpctbrcle
734 183 837 252 dilate.

162 356 307 438 bellaque
330 376 400 420 eum
421 357 527 421 Turno
549 375 660 439 gerere
681 361 747 436 aut,
770 355 796 422 si
819 375 895 421 vera
917 354 1061 437 fatemur,

162 476 234 521 curn
256 459 377 523 Iunone
399 458 522 543 magis?
546 457 624 549 quid
643 477 728 523 nunc
749 459 880 542 antiqua
901 457 1046 523 recordor

163 558 280 624 damna
301 561 363 625 nrei
386 561 533 644 generis?
556 561 648 625 timor
669 560 721 625 hic
744 562 924 627 meminisse
946 560 1084 646 priorum

162 681 225 726 nun
248 662 339 727 sinit:
364 683 403 727 en
426 663 497 727 acui
519 664 688 729 sceleratos
711 665 838 730 cernitis
861 666 967 730 ensesl

164 783 241 845 quus
262 764 435 848 prohibete,
458 786 577 850 precor,
601 767 786 852 facinusque
808 768 959 852 repellite,
982 785 1064 832 neve
1134 822 1136 825 .

164 867 260 932 caede
283 868 454 935 sacerdotis
476 869 619 935 flammas
642 871 835 955 exstinguite
857 871 972 936 Vestae
980 865 998 934 l'

205 970 296 1035 Talia
317 972 508 1054 nequiquam
531 978 595 1038 tctc
617 974 725 1039 Venus
748 974 847 1038 anxia
868 974 954 1039 caelu
1158 1043 1160 1048 .

164 1074 262 1138 verba
281 1074 356 1139 iacit
378 1095 568 1160 superosque
590 1082 704 1142 movet.
729 1077 782 1159 qui
804 1096 949 1162 rumpere
972 1096 1159 1159 quamquam

164 1177 266 1242 ferrea
286 1198 351 1243 nun
373 1184 504 1263 possunt
526 1186 667 1245 veterum
689 1178 816 1244 decreta
838 1200 986 1260 surorum,

165 1281 256 1364 signa
278 1287 384 1346 tamen
405 1282 508 1347 luctus
529 1282 608 1347 dant
629 1282 715 1347 baud
736 1284 856 1348 incerta
877 1283 982 1347 futuri.

165 1403 253 1447 arma
274 1383 379 1448 ferunt
400 1384 483 1449 inter
504 1385 611 1470 nigras
634 1386 819 1469 crepitantia
838 1387 941 1451 nubes

165 1485 381 1568 terribilesque
402 1489 495 1552 tubas
517 1487 687 1570 auditaque
710 1508 827 1554 cornua
849 1489 935 1553 caelo

165 1588 399 1672 praemonuisse
421 1590 521 1655 nefas.
544 1591 619 1656 selis
642 1610 766 1674 quoque
788 1591 885 1656 tristis
907 1591 1011 1674 imago

166 1688 267 1754 lurida
288 1691 427 1757 sullicitis
449 1694 622 1776 praebebat
644 1693 764 1757 lumina
785 1693 884 1758 terris.

167 1812 262 1876 saepe
283 1793 369 1858 faces
390 1795 478 1859 visae
500 1795 611 1860 mediis
634 1795 744 1860 ardere
767 1797 824 1861 sub
847 1796 947 1876 astris,
1066 1868 1068 1873 .

167 1914 262 1979 saepe
284 1895 367 1960 inter
387 1896 512 1962 nimbos
534 1904 643 1980 guttae
666 1898 809 1963 cecidere
831 1904 987 1962 cruentae.

167 1998 309 2062 caerulus
330 2005 363 2062 et
384 2000 504 2064 vultum
526 2000 686 2083 ferrugine
708 2000 835 2065 Lucifer
856 2006 925 2063 atra
998 2033 1001 2039 «

167 2119 293 2185 sparsus
315 2107 391 2183 erat,
414 2103 515 2185 sparsi
536 2104 677 2167 Lunares
699 2104 855 2187 sanguine
877 2122 993 2167 currus.

167 2203 268 2267 tristia
290 2204 374 2268 mille
396 2204 472 2269 locis
494 2205 624 2290 Stygius
647 2205 734 2269 dedit
757 2206 863 2269 emina
884 2205 977 2285 bubo,

167 2306 252 2370 mille
273 2306 349 2371 locis
372 2307 548 2372 lacrimavit
570 2308 647 2372 ebur
670 2314 843 2389 cantusque
864 2307 1006 2371 feruntur

167 2408 266 2473 auditi
288 2409 405 2474 sanctis
428 2417 459 2474 et
482 2412 580 2476 verba
601 2410 756 2475 minantia
778 2410 864 2474 lucis.

114 2532 116 2535 ·
168 2511 297 2575 victima
318 2512 403 2575 nulla
425 2512 494 2575 litat
515 2531 709 2594 magnusque
730 2513 849 2576 instare
871 2512 1021 2576 tumultus

169 2612 247 2678 fibra
269 2620 376 2677 monet
397 2633 585 2696 caesumque
608 2621 702 2699 caput
723 2614 876 2699 reperitur
897 2614 930 2677 in
953 2614 1044 2679 extis.

168 2716 263 2798 inque
286 2715 352 2781 fero
375 2717 553 2799 circumque
575 2716 684 2783 demes
707 2723 739 2783 et
760 2718 878 2800 templa
901 2716 1029 2781 deorum

168 2822 336 2883 nocturnes
358 2819 494 2883 ululasse
517 2839 611 2885 canes
634 2818 823 2901 umbrasque
846 2819 991 2884 silentum

169 2921 324 2986 erravisse
345 2921 450 2985 ferunt
471 2927 651 3004 metamque
673 2922 859 2986 tremoribus
880 2921 999 2985 urbem.

212 3024 283 3087 Non
307 3030 413 3087 tamen
435 3023 566 3090 insidias
588 3029 783 3106 venturaque
805 3023 931 3088 vincere
953 3023 1020 3087 fata

171 3125 384 3209 praemonitus
406 3132 535 3209 potuere
558 3124 660 3208 deum,
684 3125 846 3210 strictique
867 3125 1009 3213 feruntur

170 3228 203 3290 in
227 3227 377 3310 templum
399 3227 510 3313 gladii3
533 3247 636 3310 neque
660 3228 743 3292 enim
764 3228 852 3292 locus
873 3227 955 3292 ullus
977 3226 1010 3290 in
1033 3227 1110 3292 urbe

170 3327 212 3392 ad
234 3328 357 3393 facinus
378 3329 540 3412 diramque
562 3329 675 3414 placet,
698 3330 760 3394 nisi
783 3329 877 3411 curia,
901 3327 1039 3394 caedem.

172 3439 238 3496 tum
260 3450 335 3496 vero
358 3431 517 3514 Cytherea
538 3453 634 3497 manu
656 3433 810 3517 percussit
832 3438 963 3513 utraque

172 3539 281 3617 peetus
304 3540 335 3599 et
356 3535 529 3600 Aeneaden
551 3536 675 3601 molitur
697 3537 830 3599 condere
853 3534 947 3615 nube,

173 3655 236 3717 qua
256 3637 342 3720 prius
364 3636 478 3702 infeste
500 3634 589 3702 Paris
611 3644 659 3702 est
681 3642 806 3721 ereptus
828 3636 959 3702 Atridae
1033 3720 1035 3723 Ι

174 3744 206 3803 et
226 3737 416 3805 Diomedeos
437 3742 563 3805 Aeneas
584 3740 708 3826 fugerat
731 3759 833 3806 enses.
