2934 4117
270 115 311 178 68
669 136 901 205 wetumorpqoteu.

268 306 419 371 attonitus
441 306 582 370 novitate
603 307 686 388 mali,
710 307 862 391 divesque
884 310 1049 395 miserque,

269 408 407 491 effugere
429 414 516 493 optat
538 429 615 492 opes
637 415 678 491 et,
702 430 784 492 quae
806 411 898 477 modo
921 420 1060 496 voverat,
1083 416 1156 480 odit.

269 510 359 593 copia
380 510 466 574 nulla
488 511 603 575 famem
625 512 758 596 relevat,
782 513 850 578 sitis
872 514 960 579 arida
982 522 1090 599 guttur

268 613 338 694 urit,
362 619 393 679 et
416 614 517 677 inviso
540 615 668 680 meritus
691 621 851 697 torquetur
872 619 913 682 ab
937 637 1020 682 auro.

267 715 310 780 ad
330 717 514 798 caelumque
537 737 648 781 manus
671 724 703 782 et
724 718 890 802 splendida
912 720 1059 785 bracchia
1080 723 1191 789 tollens

267 812 320 882 ‘da
340 819 475 901 veniam,
499 820 625 884 Lenaee
647 823 750 904 pater!
775 818 985 905 peccavimus'
1008 823 1117 905 iuquit,

188 956 190 958 v
267 913 335 985 ‘sed
356 922 513 1003 miserere,
536 942 654 1006 precor,
678 924 881 1006 speciosoque
904 925 989 1008 eripe
1011 923 1148 992 damno'

309 1024 385 1088 Mite
407 1023 500 1089 deum
523 1044 653 1090 numen:
677 1025 821 1090 Bacchus
842 1046 990 1109 peccasse
1012 1027 1163 1093 fatentem

266 1127 401 1191 restituit
422 1128 569 1212 pactique
591 1127 654 1192 tide
676 1127 751 1191 data
773 1148 902 1193 munera
924 1130 1025 1210 solvit,

267 1221 358 1294 ‘neve
380 1230 462 1294 male
484 1236 590 1313 optato
612 1250 743 1294 maneas
766 1231 954 1297 circumlitus
976 1253 1060 1314 auro,

267 1328 358 1397 vade'
381 1333 425 1397 ait
446 1326 498 1398 ‘ad
520 1334 644 1416 magnis
665 1334 804 1397 vicinum
826 1332 977 1399 Sardibus
997 1355 1123 1399 amnem

266 1455 383 1518 perque
404 1436 513 1519 iugum
535 1437 639 1501 nitens
661 1435 839 1500 labentibus
861 1436 973 1501 obvius
995 1436 1088 1501 undis

267 1557 360 1622 carpe
382 1538 476 1619 viam,
500 1537 601 1602 donec
622 1538 732 1603 venias
754 1538 795 1602 ad
818 1538 954 1603 fluminis
976 1546 1074 1622 ortus;

266 1640 506 1723 spumigeroque
528 1647 615 1704 tuum
636 1640 725 1720 fonti,
750 1660 812 1722 qua
834 1642 984 1725 plurimus
1006 1641 1081 1722 exit,

266 1742 366 1808 subde
389 1752 491 1827 caput,
515 1762 687 1827 corpusque
709 1743 811 1824 simul,
834 1743 926 1807 simul
948 1743 1017 1808 elue
1040 1730 1182 1808 crimen.s

266 1866 325 1935 rer¹
345 1846 449 1933 iussae
471 1846 610 1910 succedit
631 1866 742 1927 aquae.
786 1847 836 1911 vis
857 1865 953 1910 aurea
975 1846 1068 1910 tinxit

265 1948 382 2014 flumen
405 1956 437 2014 et
458 1948 595 2039 humano
619 1948 658 2013 dc
681 1968 808 2033 corpore
831 1950 924 2013 cessit
947 1951 978 2013 in
1000 1969 1135 2014 amnem.

265 2072 350 2116 nunc
373 2070 495 2133 quoque
516 2052 580 2114 iam
602 2051 717 2116 veteris
740 2058 886 2135 percepto
909 2051 1029 2116 semiue
1050 2071 1151 2116 venae

265 2174 342 2218 arva
363 2154 467 2236 rigent
488 2173 564 2218 auro
587 2152 721 2217 madidis
743 2153 893 2235 pallentia
914 2154 1044 2236 glaebis.

308 2257 364 2322 Ille
386 2275 515 2340 perosus
538 2274 614 2338 opes
636 2255 731 2320 silvas
754 2263 786 2319 et
807 2275 879 2320 rura
900 2255 1023 2321 colebat

265 2361 415 2450 ¹Panaque
437 2358 593 2422 montanis
615 2358 809 2422 habitantem
831 2377 954 2441 semper
975 2358 1008 2420 in
1029 2357 1136 2422 antris.

266 2464 383 2546 pingue
405 2460 461 2525 sed
482 2460 644 2545 ingenium
666 2460 790 2541 mansit,
814 2460 1025 2542 nocituraque,
1046 2465 1083 2524 ut
1103 2466 1186 2540 ante,

266 2583 371 2628 rursus
394 2569 483 2628 erant
504 2562 630 2627 domino
652 2561 784 2626 stolidae
807 2562 990 2646 praecordia
1012 2562 1135 2626 mentis.

266 2686 339 2729 nam
362 2664 443 2729 freta
463 2664 656 2749 prospiciens
677 2664 741 2728 late
763 2665 844 2747 riget
866 2662 981 2728 arduus
1002 2663 1065 2728 alto

265 2767 393 2832 Tmolus
415 2767 448 2831 in
470 2786 601 2832 ascensu
624 2767 766 2849 clivoque
788 2772 937 2832 extensus
958 2773 1088 2848 utroque

266 2870 417 2935 Sardibus
439 2868 522 2949 hinc,
544 2869 630 2933 illinc
652 2869 758 2951 parvis
780 2868 885 2932 finitur
907 2868 1079 2950 Hypaepis.

266 2974 333 3036 Pau
356 2970 401 3036 ibi
423 2970 498 3035 dum
519 2971 636 3035 teneris
658 2972 753 3035 iactat
775 2990 832 3035 sua
854 2970 992 3036 carmina
1013 2968 1171 3053 Nymphis

267 3080 299 3139 et
320 3075 391 3139 leve
413 3081 518 3138 cerata
539 3073 715 3138 modulatur
738 3072 912 3137 harundine
935 3090 1071 3151 carmen,

267 3196 361 3243 ausus
382 3175 564 3259 Apollineos
586 3195 661 3259 prae
683 3194 718 3240 se
741 3181 939 3239 contemnere
962 3179 1081 3253 cantus,

267 3278 369 3343 iudice
392 3277 449 3342 sub
471 3277 580 3342 Tmolo
604 3282 761 3341 cemamen
783 3277 871 3341 venit
891 3274 933 3339 ad
955 3277 1064 3359 impar.

268 3386 372 3445 moute
395 3399 451 3445 suo
474 3379 578 3445 senior
598 3378 695 3444 iudex
718 3377 859 3445 consedit
881 3384 912 3442 et
933 3397 1025 3442 aures

268 3484 380 3549 liberat
400 3483 576 3566 arboribus,
600 3502 715 3564 quercu
738 3502 827 3547 coma
849 3482 974 3546 caerula
995 3487 1116 3545 tanturn

269 3583 411 3667 cingitur,
435 3592 467 3649 et
488 3585 629 3670 pendent
651 3586 766 3650 circum
790 3604 868 3649 cava
890 3591 1032 3668 tempora
1052 3582 1193 3668 glandes.

268 3686 357 3769 isque
380 3687 473 3753 derum
495 3688 615 3773 pecoris
638 3695 785 3774 spectans
807 3680 850 3753 ‘in
872 3681 985 3753 iudice'
1008 3686 1088 3751 dixit
