2934 4117
582 140 605 190 6.
630 134 773 204 buettbou.

156 308 229 392 quid
252 309 371 374 faeiat?
393 309 524 373 multum
548 308 626 372 caeli
649 315 719 392 post
741 314 832 391 terga
852 309 1005 391 relietum,

156 419 229 477 ente
250 413 356 478 oeulos
377 413 448 496 plus
471 417 531 477 est:
554 412 660 476 animo
682 412 809 476 metitur
830 418 996 495 utrumque

157 521 187 580 et
208 515 309 597 modo,
333 534 410 598 quos
432 514 477 579 illi
499 515 599 579 fatum
622 515 805 598 eontingere
826 535 890 579 non
912 522 969 597 est,

156 617 303 703 prospicit
325 638 464 699 occasus,
487 616 645 683 interdum
667 618 795 702 respicit
817 625 911 699 ortus,

157 721 293 805 quidque
315 728 390 806 aget
412 722 542 806 ignarus
563 728 669 807 stupet
691 729 723 787 et
745 741 805 787 nee
827 722 917 787 irena
939 722 1077 803 remittit,
1203 740 1252 788 reo

156 846 214 890 nee
235 826 371 890 retinere
393 826 487 908 valet,
510 846 570 890 nee
592 825 721 891 nomina
743 826 831 891 novit
853 845 1011 908 equorum.

156 948 265 1012 sparsa
287 949 410 1011 quoque
432 929 465 993 in
488 928 575 994 vario
597 929 715 1013 passim
737 928 888 993 miracula
909 929 996 993 eaelo

156 1038 379 1115 vastarumque
401 1031 489 1096 videt
510 1030 651 1114 trepidus
673 1032 841 1096 simulacra
863 1031 1008 1096 ferarum.

196 1135 254 1199 Est
275 1135 371 1215 loeus,
394 1134 427 1199 in
449 1134 592 1219 geminos
614 1134 668 1199 ubi
691 1134 839 1198 bracchia
862 1140 1015 1199 eoneavat
1037 1155 1129 1200 arcus

156 1237 302 1321 Scorpius
325 1243 357 1303 et
379 1237 480 1302 eauda
500 1237 656 1322 flexisque
678 1238 835 1320 utrimque
857 1237 981 1303 lacertis

156 1340 286 1425 porrigit
307 1341 340 1405 in
363 1341 500 1424 spatium
523 1341 683 1425 signorum
705 1341 847 1405 membra
868 1339 1009 1405 duorum.

156 1444 240 1508 huno
261 1464 340 1527 puer
361 1450 396 1507 ut
418 1443 500 1527 nigri
522 1442 684 1508 madidum
707 1442 820 1508 sudore
843 1442 958 1508 veneni

156 1548 286 1611 vulnera
309 1554 439 1612 curvata
461 1546 658 1613 minitantem
681 1546 811 1630 cuspide
834 1545 922 1626 vidit,

158 1651 272 1715 mentis
293 1650 385 1734 inops
407 1650 515 1733 gelida
536 1650 704 1715 formidine
726 1649 793 1713 lore
814 1650 941 1714 remisit.

158 1774 238 1835 quae
260 1759 427 1837 postquam
449 1773 569 1818 summo
593 1754 724 1836 tetigere
746 1752 883 1817 iacentia
906 1760 1002 1835 tergo,

159 1857 377 1941 exspatiantur
400 1857 472 1940 eqni
494 1858 641 1939 nulloque
663 1856 827 1922 inhibente
847 1875 905 1940 per
926 1876 1018 1920 auras

156 1960 283 2043 ignotae
305 1958 444 2042 regionis
466 1965 551 2041 eunt,
575 1977 700 2043 quaque
721 1958 857 2042 impetus
880 1958 954 2041 egit,

156 2062 216 2126 hae
238 2062 308 2127 sine
329 2063 400 2145 lege
422 2069 526 2143 ruunt,
549 2062 675 2144 altoque
697 2064 755 2128 sub
778 2062 906 2126 aethere
927 2061 1000 2125 fixis

155 2164 317 2229 incursant
338 2165 438 2231 stellis
459 2166 648 2250 rapiuntque
670 2185 727 2249 per
748 2164 822 2229 avia
844 2184 981 2248 eurrum;

157 2275 188 2332 et
209 2267 302 2333 modo
325 2288 448 2333 summa
469 2274 589 2353 petunt,
612 2268 705 2333 modo
728 2288 784 2352 per
805 2267 928 2332 declive
950 2268 1081 2348 viasque
1202 2285 1252 2332 neo

156 2371 346 2455 praecipites
368 2372 469 2456 spatio
492 2379 594 2437 terrae
616 2372 760 2456 propiore
782 2371 938 2456 feruntur;

156 2474 349 2556 inferiusque
371 2475 436 2541 suis
459 2475 613 2541 fraternos
635 2495 759 2540 currere
780 2476 872 2538 Luna

155 2577 329 2642 admiretur
352 2598 457 2661 equos,
480 2581 687 2661 ambustaque
709 2578 818 2642 nubila
840 2577 971 2642 fumant.

157 2680 320 2764 corripitur
341 2680 485 2762 flammis,
509 2688 544 2745 ut
566 2700 709 2764 quaeque
730 2680 893 2761 altissima,
916 2682 1017 2761 tellus,

155 2782 292 2865 fissaque
314 2783 382 2867 agit
403 2783 499 2848 rimas
523 2791 553 2847 et
576 2784 659 2849 sueis
680 2791 750 2848 aret
771 2782 936 2865 ademptis.

155 2887 273 2969 pabula
295 2893 476 2968 uanescunt,
500 2908 570 2951 eum
593 2886 757 2951 frondibus
780 2885 878 2949 uritur
900 2886 1001 2966 arbor,

155 2988 382 3071 materiamque
405 3008 462 3053 suo
484 2991 615 3073 praebet
637 3009 729 3073 seges
751 2987 841 3052 arida
864 2988 988 3052 damno.

154 3111 402 3174 persequerer:
425 3113 562 3176 magnae
583 3098 717 3177 pereunt
739 3112 809 3156 eum
833 3092 996 3155 moenibus
1019 3093 1121 3170 urbes,

155 3214 290 3276 eumque
312 3194 377 3261 suis
399 3201 481 3261 totas
503 3196 627 3280 populis
648 3195 796 3260 incendia
818 3203 918 3260 terras

153 3296 187 3360 in
211 3296 349 3362 cinerem
372 3304 506 3363 vertunt.
552 3300 651 3364 silvae
673 3319 744 3364 eum
767 3298 925 3363 montibus
947 3297 1072 3361 ardent:

152 3398 245 3463 ardet
267 3400 368 3466 Athos
390 3402 575 3484 Taurusque
599 3402 682 3468 Cilix
705 3409 737 3466 et
758 3401 886 3465 Tmolus
909 3408 940 3464 et
963 3400 1051 3482 Oete,

153 3507 186 3565 et
208 3508 276 3566 turn
299 3502 393 3585 sieoa,
416 3504 503 3587 prius
526 3505 712 3571 creberrima
734 3504 883 3583 fontibus,
907 3502 964 3567 Ide

153 3603 380 3687 virgineusque
401 3605 533 3672 Helieon
556 3612 588 3672 et
609 3605 749 3671 nondum
772 3605 925 3689 Oeagrius
947 3607 1099 3688 Haemus;

151 3705 244 3771 ardet
266 3707 300 3772 in
322 3707 510 3773 immensum
532 3710 702 3794 geminatis
723 3709 851 3792 ignibus
873 3713 975 3772 Aetna

206 3823 273 3869 onitu
288 3826 420 3879 euoflewdblte
434 3828 528 3881 dtebtdrte.
545 3829 582 3881 (dt.
597 3828 680 3882 {brettos
694 3826 715 3869 tu
730 3826 819 3880 trieris.)
1015 3831 1030 3877 2
