2934 4117
246 169 288 234 60
644 133 876 254 aerumnarum.

245 358 375 423 vertitur
397 356 429 422 in
451 357 618 441 templum:
641 356 746 422 fureas
768 357 891 422 subiere
914 358 1088 439 columnae,

245 461 396 525 stramina
416 459 591 525 flavescunt
612 465 784 541 aurataque
806 464 890 523 tecta
911 458 1057 524 videntur

246 563 446 645 caelataeque
468 562 552 627 fores
572 560 786 645 adopertaque
808 581 961 626 marmore
983 563 1084 626 tellus.

246 665 321 729 talia
342 671 408 729 tum
430 663 553 748 placido
576 665 740 730 Saturnius
762 663 861 728 edidit
881 680 949 730 ore:

247 760 360 848 ‘dicite
383 767 464 832 iuste
487 786 586 832 senex
609 773 640 831 et
662 766 781 831 femina
803 765 935 849 coniuge
957 766 1037 832 iusto

247 869 353 953 digna,
376 868 452 953 quid
474 865 609 954 optetis?
632 889 703 934 cum
724 868 865 933 Baucide
886 888 988 954 pauca
1009 868 1129 934 locutus

212 987 214 990 ‘
246 971 395 1038 iudicium
416 972 537 1057 superis
559 972 661 1056 aperit
682 990 847 1036 commune
867 970 1045 1037 Philemon:

247 1069 328 1141 ‘esse
349 1074 526 1141 sacerdotes
548 1074 740 1157 delubraque
763 1081 868 1139 vestra
889 1075 969 1139 tuen'

247 1178 417 1263 poscimus;
442 1184 473 1242 et
495 1177 644 1261 quoniam
666 1176 836 1243 concordes
859 1177 981 1259 egimus
1002 1197 1111 1256 annos,

247 1281 370 1346 auferat
391 1281 469 1346 hora
491 1280 569 1346 duos
592 1279 713 1361 eadem,
736 1299 796 1346 nec
818 1281 960 1363 coniugis
983 1301 1121 1362 unquam

248 1385 341 1450 busta
362 1404 453 1449 meae
474 1383 609 1465 videam,
632 1403 695 1448 neu
717 1382 777 1449 sim
800 1383 1000 1448 tumulandus
1022 1383 1062 1447 ab
1085 1378 1160 1446 illa?

290 1486 373 1552 Vota
394 1486 473 1552 fides
496 1486 649 1570 sequitur:
673 1485 782 1571 templi
803 1486 902 1550 tutela
924 1485 1020 1566 luere,

248 1590 350 1655 donec
370 1591 436 1656 vita
458 1589 534 1655 data
556 1596 612 1655 est.
656 1590 750 1654 annis
771 1608 913 1670 aevoque
936 1588 1026 1653 soluti

248 1699 322 1758 ante
342 1692 461 1779 gradm
482 1713 587 1758 sacros
610 1713 679 1758 cum
702 1698 822 1758 starent
843 1692 922 1757 forte
945 1691 1066 1773 locique

249 1802 412 1861 narrarent
434 1816 535 1877 casus,
557 1795 703 1861 frondere
724 1794 909 1860 Philemona
930 1794 1054 1875 Baucis,

249 1897 390 1964 Baucida
411 1898 576 1982 conspexit
596 1897 701 1963 senior
721 1896 866 1962 frondere
888 1896 1060 1960 Philemon.

249 2003 374 2085 iamque
396 2021 490 2085 super
511 2001 655 2084 geminos
676 2007 837 2066 crescente
860 1999 1020 2065 cacumine
1043 1999 1147 2064 vultus

251 2111 367 2187 mutua,
391 2103 466 2170 dum
487 2104 583 2186 licuit,
606 2103 783 2168 reddebant
803 2103 888 2167 dieta
910 2095 1002 2167 ‘vale’
1025 2120 1086 2183 que

250 2200 281 2273 ‘o
302 2202 452 2273 coniunx³
474 2206 583 2272 dixere
605 2206 707 2288 simul,
730 2207 823 2272 simul
844 2204 953 2270 abdita
974 2204 1054 2268 texit

251 2331 306 2375 ora
327 2310 441 2376 frutex.
487 2309 624 2375 ostendit
645 2308 749 2375 adhuc
769 2309 913 2373 Dinielus
934 2308 998 2371 illie

251 2413 354 2479 incola
376 2412 416 2478 de
438 2412 565 2496 gemino
588 2412 708 2477 vicinos
730 2430 858 2496 corpore
880 2416 1015 2474 truncos.

623 2589 675 2661 ro.
699 2592 912 2674 dentatum.

295 2722 414 2804 Ingens
435 2737 567 2801 quercus
589 2723 666 2799 erat,
689 2718 776 2782 nulla
796 2716 912 2781 violata
934 2714 1044 2796 securi,

253 2845 318 2889 una
339 2842 463 2905 nemus,
486 2822 584 2886 vittae
606 2819 743 2885 mediam
765 2838 979 2900 memoresque
1002 2817 1137 2882 tabellae

254 2933 400 3008 sertaque
422 2925 601 3007 cingebant,
624 2923 690 2988 voti
711 2928 897 3006 argumenta
918 2920 1062 3005 potentis.

254 3049 350 3113 saepe
372 3030 430 3095 sub
453 3027 513 3092 hac
534 3026 681 3110 Dryades
702 3025 801 3091 festas
824 3023 942 3090 duxere
966 3023 1107 3104 choream

255 3151 351 3216 saepe
374 3131 468 3196 etiam
491 3130 636 3196 manibus
657 3130 750 3194 nexis
773 3149 813 3194 ex
836 3126 945 3193 ordine
968 3125 1069 3190 munci

256 3234 404 3300 circuiere
426 3232 562 3312 modum,
586 3250 794 3314 mensuraque
815 3229 935 3295 roboris
956 3228 1047 3292 ulnas

257 3338 394 3420 quinque
416 3342 464 3401 ter
485 3336 644 3420 implebat.
690 3353 750 3399 nec
771 3353 834 3398 non
857 3338 888 3398 et
910 3337 1015 3396 cetera
1036 3333 1158 3393 tantum

257 3439 337 3505 silva
358 3439 416 3504 sub
439 3437 508 3520 hac,
532 3438 612 3504 silva
634 3443 786 3519 quantum
808 3435 868 3501 fuit
889 3433 988 3499 herba
1009 3432 1067 3497 sub
1091 3429 1183 3495 omni.

299 3543 373 3608 Non
395 3549 501 3607 tamen
522 3540 637 3606 idcirco
659 3539 777 3605 ferrum
797 3537 960 3622 Triopeius
981 3535 1036 3599 illa

258 3645 418 3727 abstinuit,
440 3644 635 3725 famulosque
657 3643 746 3708 iubet
767 3639 927 3708 succidere
948 3657 1071 3703 sacrum
1299 3648 1330 3695 ro

258 3750 366 3832 robur,
389 3754 421 3813 et
442 3753 477 3813 ut
498 3748 599 3813 iussos
621 3746 760 3811 cunctari
782 3744 870 3825 vidit,
894 3744 933 3809 ab
957 3761 1018 3807 uno
