2934 4117
507 154 545 206 17.
564 149 687 205 sonorus
705 152 757 206 urb
775 152 885 220 &corus
1170 138 1213 202 ὃὸ

185 319 369 387 horruerant
390 323 578 405 stabantque
601 342 716 388 comae.
763 328 868 388 tamem
891 325 997 389 oscula
1019 331 1120 391 terrae

185 423 409 507 roboribusque
432 424 519 509 dedi;
542 444 602 489 nec
623 444 674 489 me
697 445 823 509 sperare
845 425 977 508 fatebar,

187 528 354 610 sperabam
375 532 482 592 tamen
503 533 599 610 atque
620 527 726 592 animo
748 548 820 592 mea
841 534 916 594 vota
938 528 1093 596 fovebam.
1147 515 1150 522 ¹

185 648 250 693 nox
271 630 365 711 subit,
389 636 421 695 et
443 630 523 696 curis
546 629 685 695 exercita
708 651 837 715 corpora
859 652 985 697 somnus

186 738 326 815 occupat.
371 739 445 797 ante
466 733 574 798 oeulos
595 732 707 797 eadem
728 733 806 797 mihi
829 754 961 815 quercus
983 734 1096 801 adesse

186 839 219 898 et
238 835 417 918 promittere
438 834 522 899 idern
544 834 738 916 totidemque
759 836 908 901 animalia
929 838 1024 903 ramis

187 935 268 1001 ferre
290 937 355 1002 suis
377 937 447 1002 visa
469 943 517 1002 est
537 937 717 1021 pariterque
740 938 919 1004 tremiscere
941 946 1028 1005 motu

187 1038 439 1123 graniferumque
461 1060 576 1123 agmen
598 1040 746 1106 subiectis
769 1060 917 1125 spargere
937 1042 971 1107 in
994 1043 1091 1126 arvis3

187 1161 325 1208 crescere
348 1142 432 1226 quod
453 1144 556 1209 subito
579 1149 610 1208 et
632 1144 734 1208 maius
756 1144 919 1227 maiusque
941 1144 1041 1210 videri

187 1264 225 1309 ac
246 1265 281 1311 se
302 1246 410 1311 tollere
431 1246 526 1311 humo
548 1252 695 1327 rectoque
717 1245 870 1312 adsistere
892 1254 1001 1312 trunco

188 1353 219 1412 et
240 1348 373 1413 maciem
395 1368 622 1432 numerumque
643 1349 760 1433 pedum
782 1350 968 1434 nigrumque
991 1353 1127 1417 colorem

187 1470 303 1535 ponere
326 1456 357 1516 et
378 1451 547 1520 humanam
570 1453 719 1517 membris
740 1452 888 1518 inducere
910 1453 1052 1519 formam.

188 1574 314 1619 somnus
335 1554 410 1619 abit.
455 1552 571 1619 damno
593 1555 728 1637 vigilans
751 1575 822 1619 mea
844 1556 913 1621 visa
935 1576 1108 1640 querorque

187 1658 220 1722 in
243 1658 364 1742 superis
385 1658 453 1742 opis
477 1677 546 1723 esse
569 1658 655 1722 nihil.
700 1664 733 1723 at
755 1658 788 1723 in
810 1658 942 1725 aedibus
963 1660 1077 1743 ingens

188 1781 326 1825 murmur
348 1766 423 1841 erat,
447 1780 603 1843 vocesque
625 1761 786 1826 hominum
809 1761 959 1827 exaudire
981 1762 1113 1829 videbar

188 1864 251 1928 iam
273 1864 350 1928 mihi
373 1857 528 1929 desuetas.
573 1863 648 1928 dum
671 1866 812 1947 suspicor
833 1865 891 1930 has
914 1885 1036 1948 quoque
1058 1868 1157 1932 somni

190 1986 268 2047 esse,
290 1966 378 2031 venit
400 1968 550 2033 Telamon
573 1986 723 2052 properus
746 1967 927 2050 foribusque
948 1969 1077 2035 reclusis

189 2061 318 2154 ‘speque
340 2068 474 2151 fideque,
497 2065 608 2154 pater,’
631 2068 712 2134 dixit
734 2062 864 2135 ‘maiora
886 2070 1017 2137 videbis.

190 2168 367 2255 egrederet'
390 2172 542 2255 egredior,
566 2175 738 2256 qualesque
759 2174 792 2238 in
815 2174 953 2258 imagine
976 2176 1077 2240 somni

189 2275 276 2341 visus
298 2295 383 2341 erarn
405 2275 523 2341 vidisse
545 2275 638 2358 viros,
662 2296 703 2341 ex
725 2275 835 2341 ordine
856 2276 936 2342 tales

189 2376 329 2462 adspicio
352 2398 517 2461 noscoque.
563 2378 681 2444 adeunt
702 2399 872 2463 regemque
894 2380 1040 2444 salutant.

189 2485 263 2545 vota
284 2480 353 2545 Iovi
375 2481 462 2546 solvo
484 2481 670 2566 populisque
690 2483 870 2547 recentibus
891 2481 1001 2546 urbem

190 2583 307 2666 partior
329 2589 360 2649 et
381 2603 497 2649 uacuos
519 2585 629 2668 priscis
652 2585 820 2650 cultoribus
842 2604 949 2668 agros3

153 2717 157 2724 ·
190 2685 466 2770 Myrmidonasque
489 2707 566 2752 voco
588 2708 648 2753 nec
670 2688 792 2772 origine
814 2688 941 2752 nomina
962 2686 1081 2751 fraudo.

191 2808 320 2873 corpora
341 2787 463 2873 vidisti;
486 2809 588 2855 mores
610 2810 687 2872 quos
709 2795 784 2855 ante
805 2789 968 2872 gerebant,
1234 2809 1281 2856 ras

191 2910 275 2956 nunc
287 2911 409 2978 quoque
421 2892 554 2957 habent:
569 2913 698 2977 parcum
710 2911 811 2976 genus
823 2897 871 2956 est
882 2891 1067 2976 patiensque
1078 2889 1218 2954 laborum

191 2993 387 3077 quaesitique
409 3001 507 3059 tenax
530 3001 561 3060 et
584 2994 667 3077 quod
689 2995 831 3076 quaesita
853 3000 1002 3060 reservet.

192 3097 224 3161 hi
247 3103 279 3163 te
300 3097 342 3162 ad
363 3098 446 3163 bella
467 3118 560 3182 pares
581 3098 675 3163 annis
696 3097 872 3180 animisque
894 3102 1072 3179 sequentur,

192 3201 428 3284 cumprimum,
452 3202 505 3284 qui
526 3208 558 3266 te
580 3201 712 3266 feliciter·
734 3201 847 3282 attulit,
871 3219 963 3264 eurus
986 3237 1025 3246 -

192 3322 286 3369 eurus
308 3302 392 3368 enirn
414 3304 561 3395 attulerat
583 3342 625 3352 -
647 3304 741 3369 fuerit
763 3309 901 3369 mutatus
922 3303 955 3367 in
977 3308 1107 3367 austms.
1236 3321 1284 3371 rao

470 3490 519 3561 17.
541 3493 694 3563 boeotos
714 3496 781 3560 cuo
803 3492 945 3561 fluctus.
976 3492 977 3496 ’

236 3620 374 3698 bubulus,
390 3620 430 3684 eiu
445 3622 587 3701 balbulo·
602 3621 765 3699 &conditer
781 3623 834 3683 unb
846 3620 996 3699 dilibbouec
1007 3619 1035 3681 ic
1045 3619 1138 3697 tltbru,
1154 3619 1221 3697 butte

194 3713 276 3791 icium
284 3713 586 3797 &buebulobullerbir
596 3724 647 3779 oue
656 3713 761 3797 bunut,
774 3729 826 3777 uos
837 3715 889 3795 ibor
902 3713 1057 3791 dbuuofiur
1068 3731 1100 3793 gu
1111 3714 1219 3784 tuentur,
