2934 4117
599 190 641 242 22.
660 187 761 243 mitur.

163 351 259 424 ‘nulla
280 379 367 425 mora
390 353 459 425 est?
503 360 630 426 calamis
652 362 829 444 agrestibus
852 361 977 426 insonat
999 361 1052 424 ille

163 462 386 545 barbaricoque
408 461 514 526 Midan
538 501 579 509 —
601 461 711 527 aderat
733 484 806 527 nam
829 464 908 528 forte
931 464 1056 527 canenti
1078 478 1120 511 '—

164 565 300 629 carmine
322 563 448 629 delenit.
494 572 564 649 post
586 565 670 630 hunc
692 586 780 631 sacer
803 587 857 630 ora
879 566 1002 630 retorsit

162 668 289 732 Tmolus
311 666 351 731 ad
375 688 409 732 cs
431 667 564 751 Phoebi;
588 669 708 733 vultum
730 689 789 733 sua
810 669 890 734 silva
913 675 1020 733 secuta
1043 674 1097 733 est.

162 771 213 833 ille
236 777 330 854 caput
351 769 468 834 flavum
490 770 577 834 lauro
600 771 772 835 Parnaside
794 772 919 837 vinctus

163 873 258 938 verrit
280 872 408 937 humum
430 872 527 956 'lyris
550 879 689 937 saturata
710 874 827 938 murice
849 874 935 957 palla

162 976 387 1058 instratamqne
410 975 505 1039 fidem
526 976 659 1060 gemmis
682 982 714 1040 et
736 974 884 1041 dentibus
905 976 994 1041 Indis

162 1074 337 1143 sustinet'a
359 1078 462 1161 laeva5
487 1078 586 1142 tenuit
609 1098 720 1142 manus
743 1078 841 1143 altera
863 1078 1024 1161 plectrum.

162 1181 290 1246 artificis
314 1187 413 1245 status
435 1181 504 1264 ipse
525 1181 593 1245 fnit.
638 1188 705 1244 tum
728 1181 863 1245 stamina
886 1180 976 1246 docto

162 1284 273 1367 pollice
296 1283 453 1368 sollicitat3
478 1304 607 1365 quorum
632 1283 798 1348 dulcedine
822 1289 931 1368 captus

162 1389 250 1451 Pana
271 1387 358 1452 iubet
379 1388 506 1451 Tmolus
529 1387 667 1451 citharae
689 1387 872 1452 submittere
895 1407 1020 1452 cannas.

162 1490 309 1554 iudicium
333 1490 497 1571 sanctique
519 1491 623 1572 placet
644 1490 801 1555 sententia
824 1490 938 1555 montis

162 1592 319 1658 omnibus:
343 1593 483 1675 arguitur
506 1600 611 1656 tamen
633 1598 728 1674 atque
749 1592 866 1656 iniusta
887 1599 1016 1657 vocatur

162 1697 254 1760 unius
277 1715 419 1760 sermone
441 1694 553 1759 Midae.
600 1715 660 1759 nec
682 1695 792 1759 Delius
814 1714 906 1760 aures

163 1798 332 1862 humanam
354 1796 483 1862 stolidas
505 1798 622 1882 patitur
644 1798 780 1862 retinere
805 1796 944 1880 liguram,

163 1900 218 1964 sed
241 1900 335 1964 trahit
356 1901 388 1963 in
412 1900 547 1983 spatium
570 1901 714 1982 villisque
736 1900 915 1964 albentibus
937 1899 1047 1983 implet

162 2002 387 2084 instabilesque
410 2003 489 2067 imas
512 2003 588 2067 facit
611 2009 642 2066 61
665 2002 719 2065 (161
742 2021 834 2085 posse
856 2002 984 2066 moveri.

163 2112 267 2169 cetera
290 2111 362 2170 sunt
384 2105 532 2188 hominis;
556 2112 677 2188 partem
700 2104 866 2168 damnatur
886 2103 919 2167 in
942 2123 1036 2167 unam

163 2207 363 2289 induiturque
385 2227 477 2272 aures
499 2206 582 2271 lente
604 2207 778 2289 gradientis
800 2206 897 2271 aselli.

206 2310 262 2373 1116
286 2310 411 2391 quidem
434 2310 514 2374 celat
536 2310 679 2393 turpique
702 2315 831 2373 onerata
853 2307 972 2393 pudore

163 2421 304 2497 tempora
325 2414 488 2498 purpureis
510 2419 644 2497 temptat
666 2412 771 2478 velare
793 2413 888 2477 tiaris.

164 2515 220 2580 sed
242 2517 351 2581 solitus
374 2517 483 2599 longos
505 2515 587 2580 ferro
609 2534 752 2580 resecare
774 2515 903 2599 capillos

164 2618 285 2682 viderat
307 2618 367 2683 hoc
388 2619 533 2683 famulus.
580 2620 633 2700 qui
655 2638 726 2682 cum
749 2636 808 2683 nec
830 2616 961 2701 prodere
983 2617 1084 2682 visum

165 2720 301 2785 dedecus
323 2720 461 2801 auderet,
486 2721 615 2804 cupiens
638 2720 748 2784 efferre
771 2720 828 2785 sub
851 2738 953 2799 auras,

164 2842 224 2887 nec
245 2826 351 2906 posset
371 2823 502 2887 reticere
524 2829 639 2903 tamen,
664 2820 783 2886 secedit
804 2821 995 2903 humumque

165 2924 274 2989 effodit
297 2931 337 3004 et,
361 2923 479 2989 domini
502 2925 609 3006 quales
632 2923 814 3009 adspexerit
835 2943 936 3004 aures,

166 3046 242 3091 voce
264 3026 360 3091 refert
381 3048 479 3110 parva
501 3034 663 3109 terraeque
685 3027 901 3091 immurmurat
922 3025 1067 3109 haustae3

166 3128 377 3211 indiciumque
399 3150 476 3195 6666
499 3130 584 3194 vocis
606 3130 716 3194 tellure
739 3135 865 3212 regesta

166 3231 268 3296 obruit
291 3238 321 3296 et
344 3233 505 3298 scrobibus
526 3233 640 3297 tacitus
662 3230 796 3296 discedit
818 3231 942 3314 opertis.
1208 3248 1257 3297 100

167 3335 275 3399 creber
296 3335 525 3400 harundinibus
548 3335 688 3400 tremulis
710 3334 754 3398 ibi
777 3354 904 3417 surgere
927 3335 1013 3399 16666

167 3437 331 3521 cespitat,
354 3444 388 3501 ut
410 3439 543 3523 primurn
566 3439 658 3522 pleno
680 3437 829 3502 maturuit
850 3457 944 3516 anno,

167 3539 303 3623 prodidit
325 3540 507 3622 agricolam:
532 3541 594 3605 leni
616 3536 692 3604 nam⁴
713 3547 815 3605 motus
838 3540 878 3605 ab
901 3546 1005 3603 austro

168 3642 280 3707 obruta
301 3642 398 3708 verba
420 3643 515 3707 refert
538 3643 718 3724 dominique
740 3642 880 3729 coarguit
901 3660 1001 3710 aures.
