2934 4117
510 203 535 255 2.
553 197 653 267 Diuites
671 199 722 253 unt
741 196 863 267 diuitias:
897 202 901 208 '

461 508 493 578 2.
521 510 647 591 orator
669 512 735 577 out
758 506 912 591 tutatos.
998 504 1000 509 ’
1026 502 1027 505 ’

512 622 567 702 (un
591 620 734 697 illorimus
757 619 860 700 dotto.)

154 784 273 862 vQuam
295 783 375 867 legis
396 805 417 848 a
439 783 530 849 nobis
552 782 681 848 missam
704 746 773 862 tibi,
797 783 897 862 Cotta,
921 783 1063 862 salutem,

214 888 311 952 missa
333 888 373 951 sit
395 893 430 951 ut
448 907 526 951 >vere
547 885 785 969 perveniatque,
808 905 927 968 preoon

171 1010 308 1072 namque
329 990 409 1054 meis
431 1008 540 1072 sospes
561 988 694 1052 multum
717 987 907 1052 eruciatibus
929 986 1044 1065 aufers,

213 1100 310 1175 utque
333 1092 373 1156 sit
396 1111 413 1156 e
436 1091 526 1156 nobis
548 1111 622 1174 pars
644 1091 726 1155 bona
749 1091 848 1172 salva,
870 1091 957 1155 faois.

172 1216 306 1277 eumque
326 1195 435 1259 labent
456 1195 553 1276 aliqui
575 1195 754 1277 iactataque
775 1195 847 1261 vela
868 1194 1055 1277 relinquant,

215 1306 248 1363 tu
270 1299 394 1362 lacerae
416 1318 561 1362 remanes
584 1317 700 1362 ancora
722 1299 788 1362 sola
809 1298 878 1362 rati.
956 1316 958 1319 ·

172 1408 263 1486 grata
284 1408 339 1465 tua
362 1407 409 1464 est
430 1401 526 1484 igitur
547 1400 657 1485 pietas.
682 1400 873 1483 ignoscimus
895 1399 964 1480 illis,
1023 1432 1026 1437 f

215 1505 268 1586 qui
290 1525 360 1568 oum
384 1504 509 1569 fortuna
531 1510 620 1586 terga
642 1502 759 1569 dedere
780 1504 885 1585 fugae.

172 1630 242 1673 oum
265 1607 379 1672 feriant
400 1628 507 1687 unum,
531 1627 594 1672 non
617 1627 714 1672 unum
738 1606 871 1671 fulmina
891 1613 1019 1686 terrent,

213 1712 381 1793 iunctaque
403 1730 550 1793 percusso
572 1709 665 1773 turba
685 1730 803 1793 pavere
825 1709 912 1775 solet.

172 1834 305 1894 eumque
328 1812 415 1877 dedit
436 1813 541 1896 paries
563 1817 716 1876 venturae
739 1813 832 1896 signa
853 1813 971 1893 ruinae,

215 1916 345 1980 sollicito
365 1934 485 1979 naeuus
506 1914 542 1978 fit
564 1915 650 1980 loeus
671 1915 725 1980 ille
747 1923 842 1981 metu.

173 2018 241 2100 quis
263 2037 326 2081 non
349 2037 366 2080 e
389 2016 507 2081 timidis
529 2017 616 2101 aegri
639 2019 787 2102 contagia
809 2019 897 2100 vitat,

215 2120 352 2185 vicinum
375 2125 518 2184 metuens
540 2139 581 2184 ne
603 2119 707 2185 trahat
729 2119 804 2187 inde
826 2122 965 2187 malum?

171 2244 221 2289 me
245 2243 367 2306 quoque
389 2222 558 2287 amicornm
581 2222 686 2293 nimio
701 2230 826 2293 terrore,
839 2230 997 2308 metuque,

213 2349 276 2392 non
299 2326 380 2407 odio,
405 2326 533 2408 quidam
556 2326 726 2397 destituere
748 2328 819 2393 mei.

169 2452 232 2496 non
254 2431 315 2495 illis
337 2430 448 2514 pietas,
472 2449 535 2494 non
558 2429 698 2495 officiosa·
719 2431 887 2497 voluntas·

212 2534 325 2599 defuit:
349 2533 499 2599 adversos
522 2534 696 2600 extimuere
718 2533 803 2600 deos.

169 2644 264 2719 utque
287 2638 388 2720 magis
411 2637 494 2701 oauti
515 2637 638 2721 possint
660 2635 824 2720 timidique
846 2636 955 2719 videri,

211 2741 257 2805 sio
278 2740 429 2826 appellari
452 2760 516 2805 non
537 2760 679 2805 meruere
702 2740 785 2805 mali.

168 2848 224 2906 aut
245 2863 333 2908 meus
356 2850 489 2911 exousat
511 2862 599 2908 caros
622 2843 667 2907 ita
689 2842 807 2908 candor
827 2844 954 2925 amieos,

211 2952 307 3027 utque
329 2946 468 3011 habeant
490 2945 531 3010 de
553 2965 605 3011 me
627 2945 759 3010 erimina
780 2947 875 3026 nulla,
898 2946 994 3012 favet.

168 3048 231 3113 sint
253 3049 285 3112 hi
309 3050 448 3114 contenti
470 3049 565 3114 venia
587 3049 776 3130 soierintque
798 3049 903 3114 licebit

210 3151 337 3235 purgari
360 3151 477 3216 laetum
500 3172 552 3215 me
575 3171 698 3234 quoque
721 3157 802 3216 teste
824 3172 923 3217 suum.
948 3164 952 3169 ’

168 3273 241 3336 pars
264 3253 339 3318 estis
361 3254 454 3337 pauoi
475 3253 593 3334 melior,
617 3255 671 3337 qui
692 3256 787 3321 rebus
808 3255 842 3319 in
863 3255 940 3321 artis

210 3355 293 3419 serre
314 3356 391 3420 mihi
412 3357 535 3423 nullam,
553 3364 643 3441 turpe
666 3359 800 3441 putastis
822 3378 923 3444 opem.

168 3463 243 3521 tuno
264 3457 360 3539 igitur
381 3458 484 3523 meriti
505 3461 653 3525 morietur
675 3461 779 3544 gratia
801 3462 905 3542 vestri,

211 3579 282 3623 oum
305 3559 383 3625 oinis
405 3563 571 3647 absumpto
594 3583 722 3648 torpore
746 3564 848 3629 faetus
870 3585 922 3630 ero
944 3603 986 3612 -
1088 3575 1093 3581 ”

168 3661 267 3743 fallor,
291 3668 324 3728 et
345 3662 399 3727 illa
420 3684 511 3730 meae
534 3666 695 3749 superabit
719 3672 859 3749 tempora
881 3668 974 3748 vitae,

211 3764 236 3830 si
260 3771 364 3829 tamen
388 3788 408 3832 a
430 3769 560 3833 memori
582 3769 766 3853 posteritate
789 3770 883 3854 legar.

1141 177 1198 242 181
