<?xml version="1.0" encoding="UTF-8"?>
<!DOCTYPE html PUBLIC "-//W3C//DTD XHTML 1.0 Transitional//EN"
    "http://www.w3.org/TR/xhtml1/DTD/xhtml1-transitional.dtd">
<html xmlns="http://www.w3.org/1999/xhtml" xml:lang="en" lang="en">
 <head>
  <title>
</title>
<meta http-equiv="Content-Type" content="text/html;charset=utf-8" />
  <meta name='ocr-system' content='tesseract 3.04.00' />
  <meta name='ocr-capabilities' content='ocr_page ocr_carea ocr_par ocr_line ocrx_word'/>
</head>
<body>
  <div class='ocr_page' id='page_1' title='image "ausgewhltegedic00sedlgoog_0092.png"; bbox 0 0 2934 4117; ppageno 0'>
   <div class='ocr_carea' id='block_1_1' title="bbox 247 160 879 240">
    <p class='ocr_par' dir='ltr' id='par_1_1' title="bbox 247 160 879 240">
     <span class='ocr_line' id='line_1_1' title="bbox 247 160 879 240; baseline 0.003 -16"><span class='ocrx_word' id='word_1_1' title='bbox 247 160 290 224; x_wconf 82' lang='lat'><strong>64</strong></span> <span class='ocrx_word' id='word_1_2' title='bbox 648 170 879 240; x_wconf 61' lang='lat' dir='ltr'><strong>dictemnrptnteu.</strong></span> 
     </span>
    </p>
   </div>
   <div class='ocr_carea' id='block_1_2' title="bbox 193 344 1332 3819">
    <p class='ocr_par' dir='ltr' id='par_1_2' title="bbox 193 344 1330 3610">
     <span class='ocr_line' id='line_1_2' title="bbox 249 344 1102 430; baseline -0.002 -18"><span class='ocrx_word' id='word_1_3' title='bbox 249 348 352 412; x_wconf 85' lang='lat' dir='ltr'><strong>exitus</strong></span> <span class='ocrx_word' id='word_1_4' title='bbox 372 344 512 430; x_wconf 88' lang='lat' dir='ltr'><strong>auspicio</strong></span> <span class='ocrx_word' id='word_1_5' title='bbox 534 345 672 429; x_wconf 66' lang='lat' dir='ltr'><strong>gravium</strong></span> <span class='ocrx_word' id='word_1_6' title='bbox 695 365 769 408; x_wconf 85' lang='lat' dir='ltr'><strong>narn</strong></span> <span class='ocrx_word' id='word_1_7' title='bbox 791 351 889 428; x_wconf 87' lang='lat' dir='ltr'><strong>nupta</strong></span> <span class='ocrx_word' id='word_1_8' title='bbox 911 365 967 429; x_wconf 92' lang='lat' dir='ltr'><strong>per</strong></span> <span class='ocrx_word' id='word_1_9' title='bbox 987 344 1102 411; x_wconf 87' lang='lat' dir='ltr'><strong>herbas</strong></span> 
     </span>
     <span class='ocr_line' id='line_1_3' title="bbox 248 447 1055 531; baseline -0.005 -17"><span class='ocrx_word' id='word_1_10' title='bbox 248 449 323 514; x_wconf 89' lang='lat' dir='ltr'><strong>dum</strong></span> <span class='ocrx_word' id='word_1_11' title='bbox 344 468 429 514; x_wconf 86' lang='lat' dir='ltr'><strong>nova</strong></span> <span class='ocrx_word' id='word_1_12' title='bbox 450 447 607 513; x_wconf 78' lang='lat' dir='ltr'><strong>Naiadum</strong></span> <span class='ocrx_word' id='word_1_13' title='bbox 629 447 722 511; x_wconf 86' lang='lat' dir='ltr'><strong>turba</strong></span> <span class='ocrx_word' id='word_1_14' title='bbox 744 448 891 512; x_wconf 85' lang='lat' dir='ltr'><strong>comitata</strong></span> <span class='ocrx_word' id='word_1_15' title='bbox 912 454 1055 531; x_wconf 82' lang='lat' dir='ltr'><strong>vagatur,</strong></span> 
     </span>
     <span class='ocr_line' id='line_1_4' title="bbox 247 549 1325 635; baseline -0.002 -18"><span class='ocrx_word' id='word_1_16' title='bbox 247 551 363 617; x_wconf 87' lang='lat' dir='ltr'><strong>occidit</strong></span> <span class='ocrx_word' id='word_1_17' title='bbox 384 550 418 615; x_wconf 92' lang='lat' dir='ltr'><strong>in</strong></span> <span class='ocrx_word' id='word_1_18' title='bbox 440 551 538 615; x_wconf 84' lang='lat' dir='ltr'><strong>talum</strong></span> <span class='ocrx_word' id='word_1_19' title='bbox 560 550 715 633; x_wconf 85' lang='lat' dir='ltr'><strong>serpentis</strong></span> <span class='ocrx_word' id='word_1_20' title='bbox 738 549 834 614; x_wconf 88' lang='lat' dir='ltr'><strong>dente</strong></span> <span class='ocrx_word' id='word_1_21' title='bbox 853 556 990 635; x_wconf 87' lang='lat' dir='ltr'><strong>recepto.</strong></span> <span class='ocrx_word' id='word_1_22' title='bbox 1292 573 1325 620; x_wconf 84' lang='lat'><strong>10</strong></span> 
     </span>
     <span class='ocr_line' id='line_1_5' title="bbox 249 652 1187 738; baseline 0.001 -20"><span class='ocrx_word' id='word_1_23' title='bbox 249 674 342 737; x_wconf 91' lang='lat' dir='ltr'><strong>quam</strong></span> <span class='ocrx_word' id='word_1_24' title='bbox 365 653 442 719; x_wconf 86' lang='lat' dir='ltr'><strong>satis</strong></span> <span class='ocrx_word' id='word_1_25' title='bbox 463 652 506 717; x_wconf 90' lang='lat' dir='ltr'><strong>ad</strong></span> <span class='ocrx_word' id='word_1_26' title='bbox 528 672 657 737; x_wconf 84' lang='lat' dir='ltr'><strong>superas</strong></span> <span class='ocrx_word' id='word_1_27' title='bbox 680 659 845 737; x_wconf 83' lang='lat' dir='ltr'><strong>postquam</strong></span> <span class='ocrx_word' id='word_1_28' title='bbox 867 653 1073 738; x_wconf 81' lang='lat' dir='ltr'><strong>Rhodopeius</strong></span> <span class='ocrx_word' id='word_1_29' title='bbox 1095 673 1187 719; x_wconf 85' lang='lat' dir='ltr'><strong>auras</strong></span> 
     </span>
     <span class='ocr_line' id='line_1_6' title="bbox 249 756 1049 840; baseline 0 -19"><span class='ocrx_word' id='word_1_30' title='bbox 249 756 377 821; x_wconf 86' lang='lat' dir='ltr'><strong>deflevit</strong></span> <span class='ocrx_word' id='word_1_31' title='bbox 398 762 497 837; x_wconf 85' lang='lat' dir='ltr'><strong>vates,</strong></span> <span class='ocrx_word' id='word_1_32' title='bbox 521 776 562 820; x_wconf 92' lang='lat' dir='ltr'><strong>ne</strong></span> <span class='ocrx_word' id='word_1_33' title='bbox 585 776 646 822; x_wconf 94' lang='lat' dir='ltr'><strong>non</strong></span> <span class='ocrx_word' id='word_1_34' title='bbox 669 762 837 840; x_wconf 85' lang='lat' dir='ltr'><strong>temptaret</strong></span> <span class='ocrx_word' id='word_1_35' title='bbox 860 762 891 821; x_wconf 85' lang='lat' dir='ltr'><strong>et</strong></span> <span class='ocrx_word' id='word_1_36' title='bbox 912 758 1049 838; x_wconf 89' lang='lat' dir='ltr'><strong>umbras,</strong></span> 
     </span>
     <span class='ocr_line' id='line_1_7' title="bbox 193 858 1106 947; baseline -0.001 -23"><span class='ocrx_word' id='word_1_37' title='bbox 193 945 195 947; x_wconf 65' lang='lat'>‚</span> <span class='ocrx_word' id='word_1_38' title='bbox 248 859 290 924; x_wconf 86' lang='lat' dir='ltr'><strong>ad</strong></span> <span class='ocrx_word' id='word_1_39' title='bbox 312 859 414 942; x_wconf 81' lang='lat' dir='ltr'>Styga</span> <span class='ocrx_word' id='word_1_40' title='bbox 435 859 593 923; x_wconf 87' lang='lat' dir='ltr'><strong>Taenaria</strong></span> <span class='ocrx_word' id='word_1_41' title='bbox 615 865 663 924; x_wconf 90' lang='lat' dir='ltr'><strong>est</strong></span> <span class='ocrx_word' id='word_1_42' title='bbox 683 878 780 924; x_wconf 88' lang='lat' dir='ltr'><strong>ausus</strong></span> <span class='ocrx_word' id='word_1_43' title='bbox 802 858 994 924; x_wconf 78' lang='lat' dir='ltr'><strong>descendere</strong></span> <span class='ocrx_word' id='word_1_44' title='bbox 1016 865 1106 943; x_wconf 85' lang='lat' dir='ltr'><strong>porta</strong></span> 
     </span>
     <span class='ocr_line' id='line_1_8' title="bbox 248 960 1177 1047; baseline 0.002 -21"><span class='ocrx_word' id='word_1_45' title='bbox 248 980 367 1047; x_wconf 83' lang='lat' dir='ltr'><strong>perque</strong></span> <span class='ocrx_word' id='word_1_46' title='bbox 389 962 477 1026; x_wconf 85' lang='lat' dir='ltr'><strong>leves</strong></span> <span class='ocrx_word' id='word_1_47' title='bbox 499 960 631 1044; x_wconf 90' lang='lat' dir='ltr'><strong>populos</strong></span> <span class='ocrx_word' id='word_1_48' title='bbox 654 960 883 1043; x_wconf 89' lang='lat' dir='ltr'><strong>simulacraque</strong></span> <span class='ocrx_word' id='word_1_49' title='bbox 904 960 1014 1026; x_wconf 85' lang='lat' dir='ltr'><strong>functa</strong></span> <span class='ocrx_word' id='word_1_50' title='bbox 1035 962 1177 1046; x_wconf 90' lang='lat' dir='ltr'><strong>sepulcro</strong></span> 
     </span>
     <span class='ocr_line' id='line_1_9' title="bbox 248 1062 1125 1148; baseline -0.002 -19"><span class='ocrx_word' id='word_1_51' title='bbox 248 1063 471 1148; x_wconf 87' lang='lat' dir='ltr'><strong>Persephonen</strong></span> <span class='ocrx_word' id='word_1_52' title='bbox 493 1062 572 1127; x_wconf 88' lang='lat' dir='ltr'><strong>adiit</strong></span> <span class='ocrx_word' id='word_1_53' title='bbox 593 1064 822 1145; x_wconf 79' lang='lat' dir='ltr'><strong>inamoenaque</strong></span> <span class='ocrx_word' id='word_1_54' title='bbox 844 1084 943 1147; x_wconf 83' lang='lat' dir='ltr'><strong>regna</strong></span> <span class='ocrx_word' id='word_1_55' title='bbox 965 1069 1125 1130; x_wconf 87' lang='lat' dir='ltr'><strong>tenentem</strong></span> 
     </span>
     <span class='ocr_line' id='line_1_10' title="bbox 249 1164 1175 1252; baseline 0.001 -21"><span class='ocrx_word' id='word_1_56' title='bbox 249 1167 427 1232; x_wconf 83' lang='lat' dir='ltr'><strong>umbrarum</strong></span> <span class='ocrx_word' id='word_1_57' title='bbox 450 1164 619 1230; x_wconf 90' lang='lat' dir='ltr'><strong>dominum.</strong></span> <span class='ocrx_word' id='word_1_58' title='bbox 663 1166 824 1252; x_wconf 89' lang='lat' dir='ltr'><strong>pulsisque</strong></span> <span class='ocrx_word' id='word_1_59' title='bbox 845 1166 888 1231; x_wconf 88' lang='lat' dir='ltr'><strong>ad</strong></span> <span class='ocrx_word' id='word_1_60' title='bbox 910 1167 1050 1232; x_wconf 88' lang='lat' dir='ltr'><strong>carmina</strong></span> <span class='ocrx_word' id='word_1_61' title='bbox 1070 1165 1175 1232; x_wconf 85' lang='lat' dir='ltr'><strong>nervis</strong></span> 
     </span>
     <span class='ocr_line' id='line_1_11' title="bbox 249 1261 1022 1352; baseline -0.003 -18"><span class='ocrx_word' id='word_1_62' title='bbox 249 1270 296 1334; x_wconf 87' lang='lat' dir='ltr'><strong>sic</strong></span> <span class='ocrx_word' id='word_1_63' title='bbox 317 1269 375 1332; x_wconf 88' lang='lat' dir='ltr'><strong>ait:</strong></span> <span class='ocrx_word' id='word_1_64' title='bbox 398 1261 427 1332; x_wconf 85' lang='lat' dir='ltr'><strong>‘o</strong></span> <span class='ocrx_word' id='word_1_65' title='bbox 450 1268 543 1352; x_wconf 85' lang='lat' dir='ltr'><strong>positi</strong></span> <span class='ocrx_word' id='word_1_66' title='bbox 565 1269 623 1334; x_wconf 90' lang='lat' dir='ltr'><strong>sub</strong></span> <span class='ocrx_word' id='word_1_67' title='bbox 646 1275 730 1333; x_wconf 84' lang='lat' dir='ltr'><strong>terra</strong></span> <span class='ocrx_word' id='word_1_68' title='bbox 751 1268 881 1333; x_wconf 90' lang='lat' dir='ltr'><strong>numina</strong></span> <span class='ocrx_word' id='word_1_69' title='bbox 902 1268 1022 1350; x_wconf 83' lang='lat' dir='ltr'><strong>mundi,</strong></span> 
     </span>
     <span class='ocr_line' id='line_1_12' title="bbox 249 1369 1113 1453; baseline -0.002 -17"><span class='ocrx_word' id='word_1_70' title='bbox 249 1372 282 1437; x_wconf 92' lang='lat' dir='ltr'><strong>in</strong></span> <span class='ocrx_word' id='word_1_71' title='bbox 305 1391 398 1453; x_wconf 88' lang='lat' dir='ltr'><strong>quern</strong></span> <span class='ocrx_word' id='word_1_72' title='bbox 420 1369 616 1451; x_wconf 87' lang='lat' dir='ltr'><strong>reccidimus,</strong></span> <span class='ocrx_word' id='word_1_73' title='bbox 640 1371 789 1453; x_wconf 89' lang='lat' dir='ltr'><strong>quicquid</strong></span> <span class='ocrx_word' id='word_1_74' title='bbox 810 1372 941 1436; x_wconf 82' lang='lat' dir='ltr'><strong>mortale</strong></span> <span class='ocrx_word' id='word_1_75' title='bbox 964 1391 1113 1452; x_wconf 85' lang='lat' dir='ltr'><strong>creamur,</strong></span> 
     </span>
     <span class='ocr_line' id='line_1_13' title="bbox 250 1473 948 1558; baseline -0.001 -18"><span class='ocrx_word' id='word_1_76' title='bbox 250 1476 276 1541; x_wconf 89' lang='lat' dir='ltr'><strong>si</strong></span> <span class='ocrx_word' id='word_1_77' title='bbox 299 1475 374 1539; x_wconf 85' lang='lat' dir='ltr'><strong>licet</strong></span> <span class='ocrx_word' id='word_1_78' title='bbox 395 1480 427 1539; x_wconf 91' lang='lat' dir='ltr'><strong>et</strong></span> <span class='ocrx_word' id='word_1_79' title='bbox 448 1473 521 1538; x_wconf 86' lang='lat' dir='ltr'><strong>falsi</strong></span> <span class='ocrx_word' id='word_1_80' title='bbox 543 1474 654 1558; x_wconf 89' lang='lat' dir='ltr'><strong>positis</strong></span> <span class='ocrx_word' id='word_1_81' title='bbox 675 1474 863 1557; x_wconf 81' lang='lat' dir='ltr'><strong>ambagibus</strong></span> <span class='ocrx_word' id='word_1_82' title='bbox 886 1474 948 1539; x_wconf 84' lang='lat' dir='ltr'><strong>om&#39;s</strong></span> 
     </span>
     <span class='ocr_line' id='line_1_14' title="bbox 250 1575 1088 1660; baseline -0.001 -19"><span class='ocrx_word' id='word_1_83' title='bbox 250 1597 327 1642; x_wconf 86' lang='lat' dir='ltr'><strong>vera</strong></span> <span class='ocrx_word' id='word_1_84' title='bbox 348 1576 433 1659; x_wconf 91' lang='lat' dir='ltr'><strong>loqui</strong></span> <span class='ocrx_word' id='word_1_85' title='bbox 455 1576 566 1657; x_wconf 89' lang='lat' dir='ltr'><strong>sinitis,</strong></span> <span class='ocrx_word' id='word_1_86' title='bbox 590 1596 652 1642; x_wconf 93' lang='lat' dir='ltr'><strong>non</strong></span> <span class='ocrx_word' id='word_1_87' title='bbox 674 1575 746 1657; x_wconf 86' lang='lat' dir='ltr'><strong>huc,</strong></span> <span class='ocrx_word' id='word_1_88' title='bbox 768 1582 805 1641; x_wconf 91' lang='lat' dir='ltr'><strong>ut</strong></span> <span class='ocrx_word' id='word_1_89' title='bbox 826 1597 927 1660; x_wconf 87' lang='lat' dir='ltr'><strong>opaca</strong></span> <span class='ocrx_word' id='word_1_90' title='bbox 947 1576 1088 1642; x_wconf 83' lang='lat' dir='ltr'><strong>viderem</strong></span> 
     </span>
     <span class='ocr_line' id='line_1_15' title="bbox 249 1677 1016 1761; baseline 0.001 -17"><span class='ocrx_word' id='word_1_91' title='bbox 249 1682 391 1761; x_wconf 82' lang='lat' dir='ltr'><strong>Tartara,</strong></span> <span class='ocrx_word' id='word_1_92' title='bbox 414 1677 575 1759; x_wconf 87' lang='lat' dir='ltr'><strong>descendi,</strong></span> <span class='ocrx_word' id='word_1_93' title='bbox 598 1698 658 1743; x_wconf 88' lang='lat' dir='ltr'><strong>neo</strong></span> <span class='ocrx_word' id='word_1_94' title='bbox 678 1679 725 1743; x_wconf 90' lang='lat' dir='ltr'><strong>uti</strong></span> <span class='ocrx_word' id='word_1_95' title='bbox 748 1679 860 1745; x_wconf 87' lang='lat' dir='ltr'><strong>villosa</strong></span> <span class='ocrx_word' id='word_1_96' title='bbox 882 1679 1016 1745; x_wconf 88' lang='lat' dir='ltr'><strong>colubris</strong></span> 
     </span>
     <span class='ocr_line' id='line_1_16' title="bbox 250 1780 1012 1865; baseline 0 -19"><span class='ocrx_word' id='word_1_97' title='bbox 250 1789 340 1847; x_wconf 85' lang='lat' dir='ltr'><strong>terna</strong></span> <span class='ocrx_word' id='word_1_98' title='bbox 362 1780 524 1847; x_wconf 87' lang='lat' dir='ltr'><strong>Medusaei</strong></span> <span class='ocrx_word' id='word_1_99' title='bbox 545 1782 697 1846; x_wconf 84' lang='lat' dir='ltr'><strong>vincirem</strong></span> <span class='ocrx_word' id='word_1_100' title='bbox 719 1787 846 1865; x_wconf 74' lang='lat' dir='ltr'><strong>gudura</strong></span> <span class='ocrx_word' id='word_1_101' title='bbox 868 1781 1012 1848; x_wconf 84' lang='lat' dir='ltr'><strong>monstri:</strong></span> 
     </span>
     <span class='ocr_line' id='line_1_17' title="bbox 251 1883 1177 1967; baseline -0.003 -16"><span class='ocrx_word' id='word_1_102' title='bbox 251 1905 347 1951; x_wconf 86' lang='lat' dir='ltr'><strong>causa</strong></span> <span class='ocrx_word' id='word_1_103' title='bbox 368 1884 441 1949; x_wconf 90' lang='lat' dir='ltr'><strong>viae</strong></span> <span class='ocrx_word' id='word_1_104' title='bbox 463 1890 511 1949; x_wconf 91' lang='lat' dir='ltr'><strong>est</strong></span> <span class='ocrx_word' id='word_1_105' title='bbox 533 1883 680 1966; x_wconf 83' lang='lat' dir='ltr'><strong>coniunx,</strong></span> <span class='ocrx_word' id='word_1_106' title='bbox 703 1883 737 1949; x_wconf 91' lang='lat' dir='ltr'><strong>in</strong></span> <span class='ocrx_word' id='word_1_107' title='bbox 759 1904 855 1967; x_wconf 89' lang='lat' dir='ltr'><strong>quam</strong></span> <span class='ocrx_word' id='word_1_108' title='bbox 879 1885 998 1950; x_wconf 84' lang='lat' dir='ltr'><strong>calcata</strong></span> <span class='ocrx_word' id='word_1_109' title='bbox 1021 1905 1177 1949; x_wconf 92' lang='lat' dir='ltr'><strong>venenum</strong></span> 
     </span>
     <span class='ocr_line' id='line_1_18' title="bbox 251 1986 1051 2072; baseline -0.003 -19"><span class='ocrx_word' id='word_1_110' title='bbox 251 1988 361 2072; x_wconf 88' lang='lat' dir='ltr'><strong>vipera</strong></span> <span class='ocrx_word' id='word_1_111' title='bbox 383 1986 508 2051; x_wconf 85' lang='lat' dir='ltr'><strong>diffudit</strong></span> <span class='ocrx_word' id='word_1_112' title='bbox 530 1994 770 2070; x_wconf 77' lang='lat' dir='ltr'><strong>crescentesque</strong></span> <span class='ocrx_word' id='word_1_113' title='bbox 791 1987 920 2053; x_wconf 80' lang='lat' dir='ltr'><strong>abstrdit</strong></span> <span class='ocrx_word' id='word_1_114' title='bbox 942 2007 1051 2052; x_wconf 89' lang='lat' dir='ltr'><strong>annos.</strong></span> 
     </span>
     <span class='ocr_line' id='line_1_19' title="bbox 251 2090 1329 2176; baseline -0.001 -21"><span class='ocrx_word' id='word_1_115' title='bbox 251 2110 343 2176; x_wconf 90' lang='lat' dir='ltr'><strong>posse</strong></span> <span class='ocrx_word' id='word_1_116' title='bbox 365 2090 432 2174; x_wconf 88' lang='lat' dir='ltr'><strong>pati</strong></span> <span class='ocrx_word' id='word_1_117' title='bbox 454 2090 539 2154; x_wconf 91' lang='lat' dir='ltr'><strong>volui</strong></span> <span class='ocrx_word' id='word_1_118' title='bbox 560 2109 620 2155; x_wconf 90' lang='lat' dir='ltr'><strong>neo</strong></span> <span class='ocrx_word' id='word_1_119' title='bbox 641 2110 692 2154; x_wconf 93' lang='lat' dir='ltr'><strong>me</strong></span> <span class='ocrx_word' id='word_1_120' title='bbox 713 2096 885 2175; x_wconf 87' lang='lat' dir='ltr'><strong>temptasse</strong></span> <span class='ocrx_word' id='word_1_121' title='bbox 907 2091 1045 2174; x_wconf 83' lang='lat' dir='ltr'><strong>negabo:</strong></span> <span class='ocrx_word' id='word_1_122' title='bbox 1294 2114 1329 2166; x_wconf 80' lang='lat'><strong>25</strong></span> 
     </span>
     <span class='ocr_line' id='line_1_20' title="bbox 252 2191 1216 2276; baseline 0 -18"><span class='ocrx_word' id='word_1_123' title='bbox 252 2194 330 2259; x_wconf 88' lang='lat' dir='ltr'><strong>vicit</strong></span> <span class='ocrx_word' id='word_1_124' title='bbox 350 2194 455 2257; x_wconf 88' lang='lat' dir='ltr'><strong>Amor.</strong></span> <span class='ocrx_word' id='word_1_125' title='bbox 501 2212 615 2276; x_wconf 89' lang='lat' dir='ltr'><strong>supera</strong></span> <span class='ocrx_word' id='word_1_126' title='bbox 637 2191 714 2257; x_wconf 90' lang='lat' dir='ltr'><strong>deus</strong></span> <span class='ocrx_word' id='word_1_127' title='bbox 736 2192 789 2258; x_wconf 87' lang='lat' dir='ltr'><strong>hic</strong></span> <span class='ocrx_word' id='word_1_128' title='bbox 810 2193 893 2258; x_wconf 89' lang='lat' dir='ltr'><strong>bene</strong></span> <span class='ocrx_word' id='word_1_129' title='bbox 913 2199 1005 2257; x_wconf 86' lang='lat' dir='ltr'><strong>notus</strong></span> <span class='ocrx_word' id='word_1_130' title='bbox 1027 2193 1061 2257; x_wconf 93' lang='lat' dir='ltr'><strong>in</strong></span> <span class='ocrx_word' id='word_1_131' title='bbox 1083 2214 1137 2259; x_wconf 88' lang='lat' dir='ltr'><strong>ora</strong></span> <span class='ocrx_word' id='word_1_132' title='bbox 1159 2200 1216 2275; x_wconf 84' lang='lat' dir='ltr'><strong>est,</strong></span> 
     </span>
     <span class='ocr_line' id='line_1_21' title="bbox 252 2294 1251 2378; baseline 0 -18"><span class='ocrx_word' id='word_1_133' title='bbox 252 2318 293 2360; x_wconf 86' lang='lat' dir='ltr'><strong>an</strong></span> <span class='ocrx_word' id='word_1_134' title='bbox 316 2295 357 2361; x_wconf 87' lang='lat' dir='ltr'><strong>sit</strong></span> <span class='ocrx_word' id='word_1_135' title='bbox 379 2300 412 2359; x_wconf 90' lang='lat' dir='ltr'><strong>et</strong></span> <span class='ocrx_word' id='word_1_136' title='bbox 432 2294 494 2376; x_wconf 86' lang='lat' dir='ltr'><strong>hic,</strong></span> <span class='ocrx_word' id='word_1_137' title='bbox 517 2294 634 2360; x_wconf 87' lang='lat' dir='ltr'><strong>dubito.</strong></span> <span class='ocrx_word' id='word_1_138' title='bbox 679 2295 737 2361; x_wconf 88' lang='lat' dir='ltr'><strong>sed</strong></span> <span class='ocrx_word' id='word_1_139' title='bbox 759 2301 792 2361; x_wconf 91' lang='lat' dir='ltr'><strong>et</strong></span> <span class='ocrx_word' id='word_1_140' title='bbox 812 2295 865 2360; x_wconf 89' lang='lat' dir='ltr'><strong>hic</strong></span> <span class='ocrx_word' id='word_1_141' title='bbox 885 2301 991 2361; x_wconf 87' lang='lat' dir='ltr'><strong>tamen</strong></span> <span class='ocrx_word' id='word_1_142' title='bbox 1014 2315 1150 2378; x_wconf 79' lang='lat' dir='ltr'><strong>auguror</strong></span> <span class='ocrx_word' id='word_1_143' title='bbox 1173 2315 1251 2377; x_wconf 89' lang='lat' dir='ltr'><strong>esso,</strong></span> 
     </span>
     <span class='ocr_line' id='line_1_22' title="bbox 253 2398 1057 2483; baseline 0.001 -21"><span class='ocrx_word' id='word_1_144' title='bbox 253 2399 401 2479; x_wconf 83' lang='lat' dir='ltr'><strong>famaque</strong></span> <span class='ocrx_word' id='word_1_145' title='bbox 423 2398 450 2463; x_wconf 89' lang='lat' dir='ltr'><strong>si</strong></span> <span class='ocrx_word' id='word_1_146' title='bbox 472 2398 587 2462; x_wconf 87' lang='lat' dir='ltr'><strong>veteris</strong></span> <span class='ocrx_word' id='word_1_147' title='bbox 609 2419 672 2462; x_wconf 91' lang='lat' dir='ltr'><strong>non</strong></span> <span class='ocrx_word' id='word_1_148' title='bbox 695 2403 744 2463; x_wconf 86' lang='lat' dir='ltr'><strong>est</strong></span> <span class='ocrx_word' id='word_1_149' title='bbox 764 2398 897 2463; x_wconf 86' lang='lat' dir='ltr'><strong>mentita</strong></span> <span class='ocrx_word' id='word_1_150' title='bbox 918 2398 1057 2483; x_wconf 84' lang='lat' dir='ltr'><strong>rapinae,</strong></span> 
     </span>
     <span class='ocr_line' id='line_1_23' title="bbox 252 2499 1280 2585; baseline -0.002 -19"><span class='ocrx_word' id='word_1_151' title='bbox 252 2521 310 2566; x_wconf 76' lang='lat' dir='ltr'><strong>ros</strong></span> <span class='ocrx_word' id='word_1_152' title='bbox 332 2519 456 2582; x_wconf 92' lang='lat' dir='ltr'><strong>quoque</strong></span> <span class='ocrx_word' id='word_1_153' title='bbox 478 2499 582 2564; x_wconf 85' lang='lat' dir='ltr'><strong>iunxit</strong></span> <span class='ocrx_word' id='word_1_154' title='bbox 592 2501 697 2565; x_wconf 83' lang='lat' dir='ltr'><strong>Amor.</strong></span> <span class='ocrx_word' id='word_1_155' title='bbox 721 2520 779 2584; x_wconf 93' lang='lat' dir='ltr'><strong>per</strong></span> <span class='ocrx_word' id='word_1_156' title='bbox 791 2520 851 2585; x_wconf 83' lang='lat' dir='ltr'><strong>ego</strong></span> <span class='ocrx_word' id='word_1_157' title='bbox 866 2500 946 2565; x_wconf 89' lang='lat' dir='ltr'><strong>haec</strong></span> <span class='ocrx_word' id='word_1_158' title='bbox 961 2501 1029 2565; x_wconf 86' lang='lat' dir='ltr'><strong>loca</strong></span> <span class='ocrx_word' id='word_1_159' title='bbox 1042 2501 1138 2584; x_wconf 90' lang='lat' dir='ltr'><strong>plena</strong></span> <span class='ocrx_word' id='word_1_160' title='bbox 1152 2500 1280 2582; x_wconf 87' lang='lat' dir='ltr'><strong>timoris,</strong></span> 
     </span>
     <span class='ocr_line' id='line_1_24' title="bbox 252 2602 1329 2688; baseline 0.005 -20"><span class='ocrx_word' id='word_1_161' title='bbox 252 2624 310 2688; x_wconf 90' lang='lat' dir='ltr'><strong>per</strong></span> <span class='ocrx_word' id='word_1_162' title='bbox 332 2602 427 2668; x_wconf 88' lang='lat' dir='ltr'><strong>chaos</strong></span> <span class='ocrx_word' id='word_1_163' title='bbox 449 2602 508 2668; x_wconf 87' lang='lat' dir='ltr'><strong>hoc</strong></span> <span class='ocrx_word' id='word_1_164' title='bbox 528 2603 643 2685; x_wconf 83' lang='lat' dir='ltr'><strong>ingens</strong></span> <span class='ocrx_word' id='word_1_165' title='bbox 664 2603 808 2684; x_wconf 87' lang='lat' dir='ltr'><strong>vastique</strong></span> <span class='ocrx_word' id='word_1_166' title='bbox 830 2603 955 2669; x_wconf 87' lang='lat' dir='ltr'><strong>silentia</strong></span> <span class='ocrx_word' id='word_1_167' title='bbox 976 2604 1075 2687; x_wconf 84' lang='lat' dir='ltr'><strong>regni,</strong></span> <span class='ocrx_word' id='word_1_168' title='bbox 1295 2625 1329 2673; x_wconf 80' lang='lat' dir='ltr'><strong>uo</strong></span> 
     </span>
     <span class='ocr_line' id='line_1_25' title="bbox 253 2705 964 2790; baseline 0 -20"><span class='ocrx_word' id='word_1_169' title='bbox 253 2705 436 2789; x_wconf 84' lang='lat' dir='ltr'><strong>Eurydices,</strong></span> <span class='ocrx_word' id='word_1_170' title='bbox 460 2726 523 2787; x_wconf 84' lang='lat' dir='ltr'><strong>oro,</strong></span> <span class='ocrx_word' id='word_1_171' title='bbox 546 2712 713 2790; x_wconf 87' lang='lat' dir='ltr'><strong>properata</strong></span> <span class='ocrx_word' id='word_1_172' title='bbox 733 2706 868 2772; x_wconf 85' lang='lat' dir='ltr'><strong>retexite</strong></span> <span class='ocrx_word' id='word_1_173' title='bbox 889 2706 964 2771; x_wconf 87' lang='lat' dir='ltr'><strong>iata.</strong></span> 
     </span>
     <span class='ocr_line' id='line_1_26' title="bbox 253 2807 1006 2892; baseline 0.001 -20"><span class='ocrx_word' id='word_1_174' title='bbox 253 2810 360 2873; x_wconf 90' lang='lat' dir='ltr'><strong>omnia</strong></span> <span class='ocrx_word' id='word_1_175' title='bbox 382 2807 536 2873; x_wconf 90' lang='lat' dir='ltr'><strong>debentur</strong></span> <span class='ocrx_word' id='word_1_176' title='bbox 558 2808 659 2890; x_wconf 83' lang='lat' dir='ltr'><strong>vobis,</strong></span> <span class='ocrx_word' id='word_1_177' title='bbox 681 2808 872 2892; x_wconf 88' lang='lat' dir='ltr'><strong>paulumque</strong></span> <span class='ocrx_word' id='word_1_178' title='bbox 894 2809 1006 2874; x_wconf 89' lang='lat' dir='ltr'><strong>morati</strong></span> 
     </span>
     <span class='ocr_line' id='line_1_27' title="bbox 254 2910 1090 2995; baseline 0 -19"><span class='ocrx_word' id='word_1_179' title='bbox 254 2912 353 2976; x_wconf 81' lang='lat' dir='ltr'><strong>serius</strong></span> <span class='ocrx_word' id='word_1_180' title='bbox 375 2918 430 2974; x_wconf 87' lang='lat' dir='ltr'><strong>aut</strong></span> <span class='ocrx_word' id='word_1_181' title='bbox 453 2910 544 2975; x_wconf 85' lang='lat' dir='ltr'><strong>citius</strong></span> <span class='ocrx_word' id='word_1_182' title='bbox 567 2910 675 2976; x_wconf 88' lang='lat' dir='ltr'><strong>sedem</strong></span> <span class='ocrx_word' id='word_1_183' title='bbox 697 2929 900 2995; x_wconf 88' lang='lat' dir='ltr'><strong>properamus</strong></span> <span class='ocrx_word' id='word_1_184' title='bbox 922 2911 965 2976; x_wconf 90' lang='lat' dir='ltr'><strong>ad</strong></span> <span class='ocrx_word' id='word_1_185' title='bbox 986 2932 1090 2976; x_wconf 88' lang='lat' dir='ltr'><strong>unam.</strong></span> 
     </span>
     <span class='ocr_line' id='line_1_28' title="bbox 254 3012 1239 3095; baseline 0.002 -17"><span class='ocrx_word' id='word_1_186' title='bbox 254 3013 412 3078; x_wconf 86' lang='lat' dir='ltr'><strong>tendimus</strong></span> <span class='ocrx_word' id='word_1_187' title='bbox 434 3013 497 3077; x_wconf 90' lang='lat' dir='ltr'><strong>huo</strong></span> <span class='ocrx_word' id='word_1_188' title='bbox 519 3032 637 3094; x_wconf 86' lang='lat' dir='ltr'><strong>omnes,</strong></span> <span class='ocrx_word' id='word_1_189' title='bbox 661 3012 741 3078; x_wconf 89' lang='lat' dir='ltr'><strong>haee</strong></span> <span class='ocrx_word' id='word_1_190' title='bbox 762 3020 812 3079; x_wconf 86' lang='lat' dir='ltr'><strong>est</strong></span> <span class='ocrx_word' id='word_1_191' title='bbox 834 3013 944 3080; x_wconf 89' lang='lat' dir='ltr'><strong>domus</strong></span> <span class='ocrx_word' id='word_1_192' title='bbox 966 3013 1085 3095; x_wconf 87' lang='lat' dir='ltr'><strong>ultima,</strong></span> <span class='ocrx_word' id='word_1_193' title='bbox 1121 3033 1239 3095; x_wconf 88' lang='lat' dir='ltr'><strong>vosque</strong></span> 
     </span>
     <span class='ocr_line' id='line_1_29' title="bbox 253 3115 1330 3199; baseline 0.006 -20"><span class='ocrx_word' id='word_1_194' title='bbox 253 3116 383 3180; x_wconf 86' lang='lat' dir='ltr'><strong>humani</strong></span> <span class='ocrx_word' id='word_1_195' title='bbox 404 3115 530 3198; x_wconf 84' lang='lat' dir='ltr'><strong>generis</strong></span> <span class='ocrx_word' id='word_1_196' title='bbox 550 3115 734 3199; x_wconf 81' lang='lat' dir='ltr'><strong>longissima</strong></span> <span class='ocrx_word' id='word_1_197' title='bbox 755 3136 855 3199; x_wconf 84' lang='lat' dir='ltr'><strong>regna</strong></span> <span class='ocrx_word' id='word_1_198' title='bbox 874 3117 1000 3182; x_wconf 77' lang='lat' dir='ltr'><strong>tenetis,</strong></span> <span class='ocrx_word' id='word_1_199' title='bbox 1297 3136 1330 3185; x_wconf 79' lang='lat'><strong>35</strong></span> 
     </span>
     <span class='ocr_line' id='line_1_30' title="bbox 254 3218 1156 3303; baseline 0.001 -20"><span class='ocrx_word' id='word_1_200' title='bbox 254 3218 334 3283; x_wconf 90' lang='lat' dir='ltr'><strong>haec</strong></span> <span class='ocrx_word' id='word_1_201' title='bbox 356 3237 488 3300; x_wconf 84' lang='lat' dir='ltr'><strong>quoque,</strong></span> <span class='ocrx_word' id='word_1_202' title='bbox 513 3237 584 3283; x_wconf 90' lang='lat' dir='ltr'><strong>cum</strong></span> <span class='ocrx_word' id='word_1_203' title='bbox 605 3218 704 3284; x_wconf 87' lang='lat' dir='ltr'><strong>iustos</strong></span> <span class='ocrx_word' id='word_1_204' title='bbox 726 3226 847 3283; x_wconf 88' lang='lat' dir='ltr'><strong>matura</strong></span> <span class='ocrx_word' id='word_1_205' title='bbox 869 3219 1026 3303; x_wconf 85' lang='lat' dir='ltr'><strong>peregerit</strong></span> <span class='ocrx_word' id='word_1_206' title='bbox 1047 3239 1156 3299; x_wconf 84' lang='lat' dir='ltr'><strong>annos,</strong></span> 
     </span>
     <span class='ocr_line' id='line_1_31' title="bbox 254 3320 1075 3407; baseline 0 -24"><span class='ocrx_word' id='word_1_207' title='bbox 254 3321 331 3385; x_wconf 89' lang='lat' dir='ltr'><strong>iuris</strong></span> <span class='ocrx_word' id='word_1_208' title='bbox 354 3320 412 3384; x_wconf 88' lang='lat' dir='ltr'><strong>erit</strong></span> <span class='ocrx_word' id='word_1_209' title='bbox 433 3320 544 3405; x_wconf 81' lang='lat' dir='ltr'><strong>vestri3</strong></span> <span class='ocrx_word' id='word_1_210' title='bbox 568 3341 624 3406; x_wconf 88' lang='lat' dir='ltr'><strong>pro</strong></span> <span class='ocrx_word' id='word_1_211' title='bbox 647 3341 777 3388; x_wconf 88' lang='lat' dir='ltr'><strong>munere</strong></span> <span class='ocrx_word' id='word_1_212' title='bbox 797 3322 955 3407; x_wconf 83' lang='lat' dir='ltr'><strong>poscimus</strong></span> <span class='ocrx_word' id='word_1_213' title='bbox 975 3341 1075 3387; x_wconf 88' lang='lat' dir='ltr'><strong>usum.</strong></span> 
     </span>
     <span class='ocr_line' id='line_1_32' title="bbox 257 3422 1226 3509; baseline 0 -22"><span class='ocrx_word' id='word_1_214' title='bbox 257 3423 341 3504; x_wconf 90' lang='lat' dir='ltr'><strong>quod</strong></span> <span class='ocrx_word' id='word_1_215' title='bbox 363 3423 390 3488; x_wconf 87' lang='lat' dir='ltr'><strong>si</strong></span> <span class='ocrx_word' id='word_1_216' title='bbox 412 3422 480 3487; x_wconf 88' lang='lat' dir='ltr'><strong>fata</strong></span> <span class='ocrx_word' id='word_1_217' title='bbox 500 3431 620 3507; x_wconf 78' lang='lat' dir='ltr'><strong>negant</strong></span> <span class='ocrx_word' id='word_1_218' title='bbox 641 3424 768 3489; x_wconf 85' lang='lat' dir='ltr'><strong>veniam</strong></span> <span class='ocrx_word' id='word_1_219' title='bbox 791 3445 848 3509; x_wconf 84' lang='lat' dir='ltr'><strong>pro</strong></span> <span class='ocrx_word' id='word_1_220' title='bbox 870 3424 1012 3508; x_wconf 83' lang='lat' dir='ltr'><strong>coniuge,</strong></span> <span class='ocrx_word' id='word_1_221' title='bbox 1036 3430 1154 3488; x_wconf 89' lang='lat' dir='ltr'><strong>certum</strong></span> <span class='ocrx_word' id='word_1_222' title='bbox 1177 3428 1226 3488; x_wconf 90' lang='lat' dir='ltr'><strong>est</strong></span> 
     </span>
     <span class='ocr_line' id='line_1_33' title="bbox 257 3520 993 3610; baseline 0.003 -22"><span class='ocrx_word' id='word_1_223' title='bbox 257 3525 339 3590; x_wconf 94' lang='lat' dir='ltr'><strong>nolle</strong></span> <span class='ocrx_word' id='word_1_224' title='bbox 360 3524 463 3590; x_wconf 89' lang='lat' dir='ltr'><strong>redire</strong></span> <span class='ocrx_word' id='word_1_225' title='bbox 484 3525 575 3590; x_wconf 86' lang='lat' dir='ltr'><strong>mihi:</strong></span> <span class='ocrx_word' id='word_1_226' title='bbox 598 3527 660 3591; x_wconf 88' lang='lat' dir='ltr'><strong>leto</strong></span> <span class='ocrx_word' id='word_1_227' title='bbox 681 3526 819 3610; x_wconf 83' lang='lat' dir='ltr'><strong>gaudete</strong></span> <span class='ocrx_word' id='word_1_228' title='bbox 841 3520 993 3592; x_wconf 65' lang='lat' dir='ltr'><strong>duorum?</strong></span> 
     </span>
    </p>

    <p class='ocr_par' dir='ltr' id='par_1_3' title="bbox 258 3626 1332 3819">
     <span class='ocr_line' id='line_1_34' title="bbox 298 3626 1332 3712; baseline 0.008 -23"><span class='ocrx_word' id='word_1_229' title='bbox 298 3626 389 3689; x_wconf 85' lang='lat' dir='ltr'><strong>Talia</strong></span> <span class='ocrx_word' id='word_1_230' title='bbox 411 3626 567 3692; x_wconf 88' lang='lat' dir='ltr'><strong>dicentem</strong></span> <span class='ocrx_word' id='word_1_231' title='bbox 589 3648 765 3712; x_wconf 81' lang='lat' dir='ltr'><strong>nervosque</strong></span> <span class='ocrx_word' id='word_1_232' title='bbox 786 3629 829 3694; x_wconf 84' lang='lat' dir='ltr'><strong>ad</strong></span> <span class='ocrx_word' id='word_1_233' title='bbox 850 3628 949 3694; x_wconf 87' lang='lat' dir='ltr'><strong>verba</strong></span> <span class='ocrx_word' id='word_1_234' title='bbox 969 3634 1147 3693; x_wconf 86' lang='lat' dir='ltr'><strong>moventem</strong></span> <span class='ocrx_word' id='word_1_235' title='bbox 1296 3647 1332 3697; x_wconf 82' lang='lat'><strong>40</strong></span> 
     </span>
     <span class='ocr_line' id='line_1_35' title="bbox 258 3729 1131 3819; baseline 0.002 -28"><span class='ocrx_word' id='word_1_236' title='bbox 258 3747 436 3812; x_wconf 83' lang='lat' dir='ltr'><strong>exsangues</strong></span> <span class='ocrx_word' id='word_1_237' title='bbox 457 3729 577 3797; x_wconf 85' lang='lat' dir='ltr'><strong>flebant</strong></span> <span class='ocrx_word' id='word_1_238' title='bbox 598 3733 738 3819; x_wconf 64' lang='lat' dir='ltr'><strong>animam</strong></span> <span class='ocrx_word' id='word_1_239' title='bbox 760 3752 821 3798; x_wconf 89' lang='lat' dir='ltr'><strong>nec</strong></span> <span class='ocrx_word' id='word_1_240' title='bbox 842 3732 993 3797; x_wconf 82' lang='lat' dir='ltr'><strong>Tantalus</strong></span> <span class='ocrx_word' id='word_1_241' title='bbox 1014 3730 1131 3796; x_wconf 86' lang='lat' dir='ltr'><strong>undam</strong></span> 
     </span>
    </p>
   </div>
   <div class='ocr_carea' id='block_1_3' title="bbox 0 0 1481 4117">
    <p class='ocr_par' dir='ltr' id='par_1_4' title="bbox 0 0 1481 4117">
     <span class='ocr_line' id='line_1_36' title="bbox 0 0 1481 4117; baseline 0 0"><span class='ocrx_word' id='word_1_242' title='bbox 0 0 1481 4117; x_wconf 95' lang='lat' dir='ltr'><strong> </strong></span> 
     </span>
    </p>
   </div>
  </div>
 </body>
</html>
