2934 4117
223 191 284 256 142
594 206 707 277 hleqien:
727 207 762 261 ΙΙ.
782 206 879 275 puteo.

262 388 357 463 atque
378 379 471 447 avide
493 386 602 445 munao
626 378 753 444 condita
774 380 868 444 mella
889 380 981 463 petit:

220 483 306 548 milia
329 484 515 550 crabronum
538 488 651 548 oo'e'unt
673 487 704 547 et
726 482 844 548 vertite
866 482 951 548 nudo

263 585 384 670 spicula
406 584 548 670 defigunt
570 605 687 669 oraque
709 585 790 650 sima
811 591 931 650 notant.

220 689 273 754 ille
295 689 380 755 eadit
402 709 554 774 praeoeps
577 695 609 755 et
631 689 716 753 oaloe
738 689 849 754 feritur
870 689 959 754 aselli

264 792 474 875 inclamatque
496 812 569 857 suos
591 791 806 874 auxiliumque
824 797 923 877 rogat.

222 901 408 960 eonourrunt
430 895 536 979 Satyri
558 893 780 978 turgentiaque
801 914 857 959 ora
878 895 1018 978 parentis

264 997 381 1083 rident3
403 1017 551 1082 percusso
576 996 731 1063 claudicat
754 998 806 1061 ilie
827 1017 920 1082 genu.

223 1100 303 1165 ridet
325 1107 357 1166 et
378 1101 446 1186 ipse
469 1099 547 1166 deus
568 1101 741 1182 limumque
762 1098 912 1165 inducere
934 1105 1096 1165 monstrt.

264 1203 317 1269 hio
338 1210 429 1288 paret
450 1203 576 1269 monitis
599 1210 630 1269 et
650 1203 722 1267 linit
744 1223 799 1268 ora
820 1203 900 1287 lut03

223 1307 314 1372 melle
336 1314 427 1393 pater
448 1306 574 1391 fraitun
596 1307 723 1389 liboque
745 1305 851 1372 infusa
873 1308 987 1372 oalenti

265 1410 333 1475 iure
355 1410 505 1493 repertori
528 1408 663 1474 eandida
684 1409 780 1474 mella
801 1408 921 1474 damus.

224 1512 342 1578 femina
364 1534 418 1578 our
440 1519 572 1597 presset,
595 1533 658 1578 non
683 1518 730 1577 est
751 1512 883 1578 rationis
905 1518 1046 1596 opertae:

266 1616 419 1683 femineos
441 1616 550 1701 thyrso
574 1616 709 1682 oonoitat
730 1616 783 1681 ille
806 1614 924 1682 ohoros.

224 1739 279 1783 our
300 1739 380 1784 anus
401 1719 461 1785 hoo
481 1720 587 1801 faeiat,
612 1719 757 1802 qnaeris?
780 1719 917 1784 vinosior
938 1725 1027 1785 aetas

266 1822 346 1887 haee
368 1829 415 1887 est
438 1828 470 1887 et
491 1820 643 1906 gravidae
665 1842 796 1886 munera
818 1822 891 1887 vitis
914 1828 1009 1886 amat.

225 1945 280 1991 our
300 1924 419 1991 hedera
441 1926 544 1990 oinota
566 1930 635 1991 est?
657 1925 776 1991 hedera
798 1931 846 1991 est
868 1925 1046 2008 gratissima
1067 1926 1191 1991 Baooho
1266 1947 1302 1994 45

266 2028 326 2094 hoo
348 2048 471 2111 quoque
493 2049 547 2093 our
569 2028 613 2092 ita
636 2028 685 2110 sit,
709 2028 814 2093 dioere
836 2028 922 2092 nulla
943 2048 1030 2092 mora
1053 2033 1108 2093 est.

224 2131 385 2215 Nysiadas
406 2130 564 2215 nymphas
585 2151 716 2216 puerum
741 2137 911 2214 quaerente
932 2150 1067 2197 noverea

266 2233 350 2299 hano
370 2233 514 2300 frondem
536 2234 624 2300 cunis
646 2234 829 2319 opposuisse
851 2234 964 2299 ferunt.

224 2344 330 2419 restat,
352 2344 388 2403 ut
408 2337 579 2420 inveniam,
603 2358 699 2420 quare
721 2344 796 2423 toga
816 2338 915 2404 libera
937 2338 1027 2403 detur
1119 2355 1121 2359 ·

266 2441 411 2506 Lucifero
433 2440 548 2525 pueris,
572 2439 705 2506 candide
726 2440 861 2523 Baoohe,
884 2447 946 2506 tuo.

224 2544 292 2610 sive
314 2542 398 2626 quod
419 2543 487 2627 ipse
509 2563 587 2628 puer
608 2562 733 2628 semper
753 2544 940 2626 iuvenisque
962 2543 1087 2626 videris,

268 2652 300 2713 et
321 2645 425 2711 media
448 2651 495 2711 est
517 2653 604 2711 aetas
626 2646 709 2710 inter
731 2653 897 2729 utrumque
919 2647 991 2732 tibi3

225 2770 282 2815 seu
303 2749 377 2832 quia
398 2755 432 2814 tu
454 2754 544 2833 pater
566 2769 609 2831 es,
632 2756 739 2833 patres
761 2770 819 2815 sua
840 2750 982 2833 pignora,
1005 2757 1105 2832 natos⁷

268 2851 488 2918 commendant
510 2872 602 2918 eurae
623 2852 867 2934 numinibusque
889 2853 965 2938 tuis;

225 2956 302 3038 sive,
325 2953 408 3037 quod
431 2975 465 3020 es
487 2955 590 3037 Liber,
613 2956 711 3020 vestis
733 2975 856 3038 quoque
878 2955 978 3021 libera
999 2975 1055 3041 per
1077 2961 1108 3020 te

268 3058 400 3124 sumitur
422 3063 453 3122 et
475 3059 559 3123 vitae
580 3057 734 3124 hberioris
756 3060 824 3123 iter.

225 3184 267 3227 an
289 3161 373 3245 quia,
396 3181 467 3225 oum
490 3162 626 3226 oolerent
648 3162 743 3247 prisoi
764 3160 933 3227 studiosius
955 3181 1057 3247 agros,

269 3272 301 3330 et
322 3264 441 3329 faceret
462 3264 563 3348 patrio
585 3284 656 3329 rure
679 3272 805 3331 senator
826 3285 913 3350 opuS,

226 3374 258 3433 et
280 3373 406 3451 caperet
426 3367 530 3432 fasces
552 3387 572 3430 a
594 3387 689 3431 ourvo
713 3368 821 3432 consul
842 3373 955 3449 aratro,

269 3490 330 3535 neo
351 3470 469 3535 orimen
491 3469 586 3534 duras
608 3476 691 3535 esset
718 3470 836 3534 habere
858 3490 979 3551 manus,

226 3572 359 3637 rusticus
381 3571 423 3635 ad
444 3571 535 3636 ludos
556 3573 689 3655 populus
711 3572 860 3637 veniebat
882 3572 915 3637 in
938 3575 1069 3639 urbem?

270 3672 327 3738 sed
349 3673 406 3753 dis,
430 3692 493 3737 non
515 3673 627 3738 studiis
649 3676 702 3739 ille
724 3674 858 3740 dabatur
880 3674 987 3741 honor.

229 3776 296 3839 tuoe
319 3796 375 3840 sua
397 3774 486 3842 ludos
508 3796 589 3841 uvae
613 3784 804 3844 commentor
825 3778 972 3861 habebat,
