2934 4117
224 161 285 224 124
596 174 709 244 orara:
727 174 764 231 ΙΙ.
782 174 880 244 boitro.

220 348 358 415 fluminis
380 348 435 414 illa
454 348 547 428 latus,
570 347 621 412 oui
642 353 716 412 sunt
738 346 822 413 vada
843 347 950 413 iunota
970 348 1109 431 Terenti,

263 452 400 538 adspicit
421 458 454 518 et
474 470 601 536 sparsas
622 470 678 535 per
700 451 770 516 looa
791 450 858 517 sola
879 470 978 516 casas.

221 563 317 641 utque
339 561 416 639 erat,
439 554 588 621 immissis
610 574 749 639 puppem
772 553 859 619 stetit
881 560 955 620 ante
977 553 1098 639 capillis

264 658 479 741 continuitque
502 678 630 723 manum
652 663 743 722 torva
764 657 903 741 regentis
925 657 994 738 iter,

222 769 254 830 et
274 763 382 849 prooul
404 763 438 826 in
460 761 605 827 dextram
628 759 763 826 tendens
784 780 843 826 sua
864 760 1013 826 hraoohia
1034 760 1135 845 ripam

264 866 360 952 pinea
381 887 445 932 non
468 886 545 932 sano
568 872 615 930 ter
637 863 719 950 pede
741 870 831 930 texta
851 863 939 929 ferit:

202 964 304 1036 'neve
326 969 416 1036 daret
437 970 551 1035 saltum
572 987 745 1054 properans
767 967 913 1034 insistere
934 973 1046 1051 terrae,

266 1073 321 1138 vix
344 1078 392 1138 est
412 1072 554 1138 Euandri
575 1073 694 1154 vixque
716 1076 840 1137 retenta
861 1091 966 1136 manu.

222 1169 339 1259 ‘di'que
360 1169 549 1261 ‘petitorum'
571 1174 662 1256 dixit,
685 1168 826 1257 ‘salvete
849 1175 996 1255 loeorum,

266 1285 362 1361 tuque
383 1300 482 1345 novos
505 1279 592 1344 eaelo
614 1285 698 1344 terra
719 1275 833 1342 datura
854 1274 930 1342 deos

223 1381 415 1466 fluminaque
437 1387 469 1448 et
491 1382 603 1463 fontes,
627 1381 742 1465 quihus
763 1380 860 1445 utitur
881 1379 1007 1464 hospita
1028 1380 1128 1462 tellus,

267 1492 299 1552 et
321 1506 482 1552 nemorum
504 1485 665 1570 nymphae
686 1483 907 1566 Naiadumque
930 1484 1029 1550 ohori!

224 1595 291 1656 este
313 1590 403 1655 bonis
424 1589 538 1654 avibus
559 1588 620 1654 visi
642 1593 780 1671 natoque
801 1587 951 1669 mihique,

266 1693 397 1777 ripaque
418 1691 505 1757 feliei
525 1697 612 1756 taeta
633 1690 674 1756 sit
695 1690 758 1756 ista
780 1688 875 1775 pede!

225 1795 324 1876 fallor,
346 1815 388 1860 an
410 1794 444 1859 hi
465 1794 544 1861 fient
564 1794 708 1879 ingentia
729 1793 856 1859 moenia
878 1794 982 1876 eolles,

267 1899 398 1980 iuraque
419 1899 460 1963 ah
484 1898 544 1963 hae
565 1903 649 1963 terra
670 1902 777 1962 eetera
798 1902 882 1962 terra
904 1897 1013 1981 petet?

226 2001 383 2067 montibus
404 2000 454 2066 his
476 2000 551 2066 olim
572 2006 655 2066 totus
676 1999 869 2085 promittitur
889 2000 982 2066 orbis.

268 2104 338 2187 quis
359 2109 483 2169 tantum
505 2103 563 2169 fati
586 2102 693 2169 eredat
714 2103 833 2170 habere
854 2104 977 2170 ionum?

226 2213 258 2273 et
279 2207 343 2272 iam
365 2205 546 2273 Dardaniae
567 2213 700 2292 tangent
723 2207 803 2273 haee
823 2207 915 2274 litora
934 2207 1038 2292 pinus.

268 2311 321 2376 hie
342 2329 465 2395 quoque
487 2330 583 2376 eausa
604 2310 680 2376 novi
701 2310 821 2376 femina
842 2310 951 2376 Martis
973 2312 1039 2376 erit.

227 2433 298 2480 oare
320 2432 428 2499 nepos,
451 2414 549 2499 Palla,
571 2413 698 2479 funesta
719 2412 795 2495 quid
817 2412 922 2480 induis
945 2414 1054 2478 arma?

269 2518 379 2583 indue!
402 2538 466 2583 non
488 2518 599 2583 humili
620 2517 748 2583 vindice
770 2537 881 2583 oaesus
903 2517 973 2583 eris.

227 2622 312 2688 vieta
333 2626 441 2687 tamen
462 2621 572 2686 vinoes
594 2640 766 2702 eversaque
787 2621 882 2686 Troia
903 2639 1062 2705 resurges:

270 2727 380 2792 obruet
402 2724 530 2790 hostiles
552 2723 614 2790 ista
633 2724 727 2789 ruina
749 2724 866 2791 domos.

229 2829 319 2913 urite,
342 2828 498 2910 vietriees,
520 2828 683 2912 Neptunia
703 2829 868 2912 Pergama,
891 2827 1051 2894 flammae!

270 2953 346 2997 num
369 2932 473 2997 minus
494 2931 547 2998 hio
568 2937 633 2998 toto
656 2938 705 2998 est
726 2932 817 2997 altior
838 2933 914 2998 orbe
937 2932 1038 2998 einis?

229 3036 291 3101 iam
313 3034 384 3119 pius
405 3035 531 3101 Aeneas
553 3055 644 3100 saera
665 3041 706 3116 et,
730 3055 820 3100 sacra
841 3035 949 3117 altera,
971 3041 1094 3120 patrem

271 3137 408 3204 adferet:
430 3138 543 3204 Iliacos
565 3139 684 3224 aoeipe,
708 3140 815 3221 Vesta,
839 3138 923 3204 deos.

229 3248 353 3325 tempus
375 3241 442 3326 erit,
466 3261 537 3306 eum
559 3262 616 3308 vos
638 3243 809 3326 orbemque
830 3242 968 3307 tuebitur
989 3241 1084 3322 idem,

272 3350 305 3409 et
325 3343 403 3409 fient
424 3344 492 3428 ipso
515 3364 606 3410 saera
627 3345 750 3410 ooleute
772 3343 841 3410 deo.

230 3453 261 3513 et
282 3466 381 3532 penes
403 3447 562 3532 Augustos
584 3447 706 3532 patriae
728 3448 828 3513 tutela
849 3448 998 3513 manebit.

273 3549 356 3615 hane
377 3550 427 3616 fas
448 3550 572 3634 imperii
594 3552 685 3617 frena
707 3557 816 3616 tenere
838 3549 973 3616 domum.

230 3652 305 3717 inde
328 3673 426 3737 nepos
449 3660 605 3735 natusque
627 3652 688 3736 dei,
710 3653 785 3718 lieet
807 3654 875 3738 ipse
896 3659 1029 3735 reeuset,

273 3754 415 3839 pondera
437 3757 564 3825 caelesti
585 3763 692 3823 mente
713 3763 846 3840 paterna
867 3756 955 3822 feret.
