2934 4117
255 95 315 160 128
621 113 735 184 dteqieu:
754 114 790 168 ΙΙ.
811 114 907 184 purten.

295 306 330 352 se
351 293 526 352 memorant
547 287 635 352 oneri
656 288 857 372 supposuisse
878 309 969 354 novo.

252 388 305 454 ille
327 388 441 455 sedens
463 389 677 471 citharamque
699 396 786 455 tenet
807 390 1003 474 pretiumque
1026 389 1161 456 vehendi

296 498 402 556 cantat
424 498 456 557 et
476 512 648 574 aequoreas
670 493 808 557 carmine
831 493 945 557 mulcet
966 512 1073 574 aquas.

253 593 286 658 di
307 595 361 678 pia
382 594 468 660 facta
488 594 606 660 vident.
629 596 722 660 astris
744 593 894 679 delpbina
915 596 1033 679 recepit

295 697 435 782 Iuppiter
458 703 489 763 et
511 697 618 763 stellas
639 697 729 762 iussit
750 695 869 762 habere
890 717 1012 762 novem.

400 927 431 998 6.
454 932 521 999 bct
543 927 593 996 13.
617 930 778 997 astruet.
811 929 1134 1011 subterstrata.

470 1060 632 1140 (Rutaqunq
648 1059 691 1120 brt
705 1057 799 1132 &abiet
814 1077 849 1120 uu
864 1059 907 1119 brt
922 1056 1067 1136 deserar).

254 1210 363 1276 Idibus
385 1211 519 1295 agrestis
540 1210 663 1275 fumant
684 1211 797 1274 altaria
818 1210 929 1292 Fauni,

297 1314 349 1380 hic
370 1314 424 1379 ubi
447 1312 597 1379 discretas
618 1314 725 1379 Insula
748 1314 864 1397 rumpit
884 1334 992 1396 aquas.

255 1416 334 1481 haec
355 1416 415 1481 fuit
435 1417 489 1480 illa
510 1415 587 1495 dies,
609 1416 643 1480 in
666 1436 728 1498 qua
750 1416 935 1482 Veientibus
956 1416 1051 1481 armis

298 1525 346 1585 ter
368 1525 493 1584 centnm
515 1519 616 1600 Fabii,
639 1524 688 1584 ter
708 1518 851 1584 cecidere
873 1517 943 1584 duo.

255 1643 319 1687 una
341 1620 451 1687 domus
472 1621 555 1688 vires
578 1626 609 1686 et
630 1642 709 1687 enus
732 1628 912 1706 susceperat
933 1622 1032 1687 urbis:

299 1730 426 1790 sumunt
447 1724 581 1809 gentiles
603 1745 691 1789 arma
711 1724 854 1808 professa
875 1744 995 1790 manus.

256 1826 414 1912 egreditur
436 1828 546 1893 castris
567 1827 657 1892 miles
679 1846 850 1912 generosus
872 1829 913 1893 ab
936 1826 1046 1910 isdem,

299 1951 317 1996 e
339 1930 409 2013 quis
431 1929 497 1995 dux
518 1929 586 1995 fieri
609 1930 739 2012 quilibet
761 1935 853 2015 aptus
876 1937 951 1995 erat.

133 2040 136 2045 ’
257 2033 433 2100 Carmentis
454 2039 562 2117 portae
583 2032 695 2098 dextm
717 2039 765 2098 est
786 2033 1004 2117 via‘prexima
1026 2037 1112 2100 Iano.

297 2137 344 2202 ire
365 2135 525 2219 perhanc
547 2136 619 2215 noli,
643 2136 783 2218 quisquis
806 2156 853 2201 es:
876 2156 968 2201 omen
991 2136 1094 2202 habet.

256 2244 291 2304 ut
313 2238 405 2303 celeri
426 2258 521 2322 passu
544 2239 722 2304 Cremeram
745 2239 876 2323 tetigere
898 2259 1052 2323 rapacem,
1074 2276 1118 2288 -

299 2339 441 2405 turbidus
464 2339 603 2405 bibernis
624 2340 677 2405 ille
699 2341 817 2405 fluebat
838 2342 928 2423 aquis
952 2380 991 2388 -

257 2450 360 2509 castra
381 2444 449 2508 locu
470 2449 605 2528 ponunt3
628 2442 783 2509 destrictis
806 2444 933 2509 ensibus
955 2445 1015 2528 ipsi

298 2546 496 2630 Tyrrhenum
518 2544 623 2610 valido
645 2547 744 2610 Marte
766 2566 824 2630 per
843 2567 957 2630 agmen
982 2554 1069 2612 eunt:

256 2670 319 2715 non
341 2650 441 2730 aliter,
464 2668 558 2730 quam
582 2669 652 2713 cum
674 2649 797 2732 Libyca
819 2649 859 2714 de
880 2656 975 2733 gente
997 2651 1103 2716 leencs

299 2750 454 2816 invadunt
475 2770 600 2834 sparsos
621 2751 685 2815 lata
707 2770 763 2834 per
784 2771 861 2815 arva
882 2744 1003 2836 greges.

257 2854 426 2939 diffugiunt
446 2853 553 2918 hostes
573 2852 801 2936 inhonestaque
823 2854 953 2920 vulnera
975 2861 1063 2940 tergo

299 2956 471 3042 accipiunt:
493 2958 596 3021 Tusco
619 2957 774 3039 sanguine
796 2963 879 3021 terra
900 2959 999 3024 rubet.

257 3062 303 3126 sic
323 3061 446 3141 iterum,
469 3059 515 3125 sic
536 3079 632 3142 saepe
655 3059 780 3124 cadunt.
804 3060 858 3124 ubi
880 3061 1007 3125 vincere
1029 3067 1137 3146 aperte

299 3184 363 3229 non
385 3162 486 3243 datur,
508 3161 640 3227 insidias
662 3181 811 3244 armaque
833 3167 916 3227 tecta
937 3170 1059 3247 parant.

258 3285 386 3350 campus
409 3271 492 3331 erat:
516 3266 618 3350 campi
641 3264 830 3330 claudebant
852 3265 962 3330 ultima
984 3265 1078 3330 celles

300 3369 441 3451 silvaque
462 3373 629 3433 montanas
652 3367 792 3433 occulere
814 3373 890 3451 apta
911 3367 1003 3433 feras.

257 3471 289 3535 in
311 3469 415 3536 medio
437 3490 555 3554 paucos
576 3476 780 3552 armentaque
802 3491 874 3535 rara
893 3470 1081 3553 relinquunt,

300 3578 404 3638 cetera
426 3573 569 3655 virgultis
590 3572 699 3637 abdita
721 3575 813 3638 turba
834 3574 919 3639 latet.

259 3694 332 3740 ecce
352 3675 439 3739 velut
460 3681 580 3739 torrens
601 3674 694 3739 undis
715 3676 904 3761 pluvialibus
926 3681 1036 3741 auctus
