2934 4117
254 141 296 204 66
631 207 633 210 .
655 159 886 229 1110100010ῄοὶεο

255 329 339 393 bulla
361 349 454 413 super
476 330 609 395 frontem
631 330 739 414 parvis
759 338 912 414 argentea
932 333 1006 399 loris

254 432 361 495 vincta
383 434 574 514 movebatur,
598 433 751 517 parilique
772 440 890 519 aetate3
913 434 1057 501 nitebant

254 534 382 599 auribus
405 554 423 599 e
444 536 580 619 geminis
602 535 719 601 circum
742 556 821 601 cava
843 543 984 622 tempora
1005 539 1114 604 bacae.

254 637 343 718 isque
365 643 449 701 metu
472 656 591 703 vacuus
613 640 810 721 naturalique
832 659 949 724 pavore

254 737 397 823 deposito
420 740 578 805 celebrare
601 740 709 807 domos
731 741 962 824 mulcendaque
984 743 1064 807 colla

194 931 196 934 Ι
255 842 427 923 quamlibet
447 843 564 927 ignotis
585 844 731 909 manibus
752 845 903 927 praebere
926 845 1055 910 solebat.

255 943 312 1008 sed
333 951 439 1009 tamen
461 952 535 1010 ante
557 946 643 1026 alios,
668 947 752 1013 Ceae
773 947 980 1029 pulcherrime
1003 948 1117 1030 gentis,

255 1052 363 1129 gratus
386 1053 461 1128 erat,
486 1049 664 1131 Cyparissc,
688 1048 754 1113 tibi.
801 1055 835 1113 tu
857 1049 974 1133 pabula
996 1069 1122 1115 cervum

254 1149 297 1214 ad
318 1170 410 1231 nova,
434 1157 467 1214 tu
489 1151 598 1233 liquidi
621 1151 759 1216 ducebas
781 1151 877 1217 fontis
898 1152 940 1216 ad
962 1152 1089 1234 undam,

255 1259 289 1316 tu
311 1253 403 1317 modo
425 1257 575 1320 nectebas
597 1255 701 1319 varios
723 1275 780 1338 per
803 1275 918 1320 cornua
940 1254 1042 1336 flores,

256 1375 339 1420 nunc
362 1376 457 1437 eques
478 1357 512 1420 in
534 1364 622 1441 tergo
644 1357 786 1423 residens
807 1357 869 1422 100
890 1358 991 1423 100100
1014 1366 1045 1423 01
1065 1359 1139 1422 11100

255 1459 361 1523 mollia
382 1461 546 1544 purpureis
567 1460 716 1526 frenabas
738 1482 792 1525 ora
815 1461 966 1544 capistris.

297 1562 412 1628 Aestus
435 1569 501 1626 erat
524 1563 707 1645 mediusque
729 1563 807 1645 dies,
830 1564 965 1646 solisque
988 1583 1105 1647 vapore

256 1684 395 1730 concava
416 1665 517 1729 litorei
539 1654 706 1732 fervebant
727 1665 874 1730 bracchia
897 1667 1024 1733 Cancri:

255 1766 356 1832 fessus
378 1768 412 1832 in
434 1768 569 1833 herbosa
590 1769 695 1853 posuit
717 1789 775 1833 sua
797 1789 927 1853 corpora
949 1775 1032 1833 terra

256 1869 367 1936 cerins
389 1877 421 1935 et
442 1872 575 1937 arborea
596 1871 696 1955 frigus
718 1872 854 1936 ducebat
876 1873 916 1936 ab
940 1872 1058 1936 umbra.

255 1973 340 2039 bunc
361 1994 439 2058 puer
459 1975 643 2059 imprudens
664 1975 764 2040 iaculo
788 1975 975 2058 Cyparissus
996 1981 1089 2039 acuto

255 2075 340 2141 fixit:
364 2083 396 2142 et
416 2084 451 2142 ut
473 2097 569 2142 saevo
591 2078 777 2142 morientem
799 2079 928 2142 vulnere
950 2076 1039 2157 vidit,

256 2179 337 2243 velle
360 2179 438 2244 mori
461 2179 578 2245 statuit.
602 2199 684 2261 quae
705 2199 769 2245 non
792 2180 908 2245 solacia
929 2179 1076 2244 Phoebus

256 2280 338 2345 dixit
360 2287 401 2363 et,
424 2288 459 2346 ut
480 2282 591 2346 leviter
613 2302 670 2366 pro
692 2282 886 2364 materiaque
908 2281 1036 2362 doleret,

257 2383 431 2449 admonuit!
454 2383 553 2468 gemit
574 2385 627 2449 ille
648 2392 755 2449 tamen
777 2403 952 2465 munusque
975 2403 1153 2468 supremum
1299 2402 1343 2450 25'

258 2487 317 2551 boe
338 2487 418 2571 petit
438 2507 458 2551 a
481 2487 612 2570 superis,
635 2493 670 2551 ut
692 2493 832 2571 tempore
855 2488 963 2569 lugeat
985 2486 1078 2551 omni.

258 2589 382 2670 iamque
403 2608 460 2674 per
481 2590 651 2654 immensos
674 2596 782 2672 egesto
805 2590 959 2673 sanguine
981 2588 1073 2654 fletus

258 2693 290 2756 in
312 2691 446 2757 viridem
469 2692 549 2756 verti
572 2698 744 2775 coeperunt
765 2694 907 2757 membra
929 2692 1073 2774 colorem,

258 2801 289 2859 01
310 2794 403 2860 modo
426 2795 479 2876 qui
500 2795 594 2860 nivea
615 2794 798 2878 pendebant
820 2795 923 2861 fronte
945 2794 1058 2879 capilli,

257 2898 383 2964 horrida
405 2899 560 2963 caesaries
581 2898 649 2963 fieri
672 2905 858 2983 sumptoque
880 2899 983 2983 rigore

258 3000 414 3066 sidereum
435 3001 545 3085 gracili
567 3008 709 3086 spectare
732 3000 894 3065 cacumine
917 3000 1047 3065 caelum.

258 3105 411 3189 ingemuit
432 3098 596 3187 tristisque
614 3103 692 3169 deus
714 3096 874 3187 ‘lugebere
895 3102 987 3168 nobis

257 3208 443 3293 lugebisque
464 3207 544 3272 alios
565 3207 732 3290 aderisque
755 3200 944 3272 dolentibus'
964 3204 1075 3285 iuquit.

602 3386 656 3458 22.
678 3388 787 3471 11110
808 3387 942 3457 mites.

302 3515 449 3580 Pactolon
472 3514 615 3579 Bacchus
638 3515 718 3598 petit
741 3520 772 3578 et
793 3513 901 3578 vineta
922 3511 1043 3577 Timoli.

260 3618 343 3682 hunc
364 3617 496 3682 adsueta
518 3616 628 3682 cohors
650 3616 756 3700 Satyri
778 3614 985 3697 Bacchaeque
1007 3614 1221 3694 frequentant:

261 3726 292 3783 01
315 3720 437 3785 Silenus
459 3721 557 3785 abest.
592 3719 781 3786 titubantem
803 3718 956 3800 annisque
978 3734 1126 3798 meroque
