2934 4117
538 149 559 199 1.
578 144 691 212 ilbidpieb
711 156 760 200 ourr
779 145 856 231 bium,

180 317 331 400 adloquor
354 323 529 382 extremum
552 324 688 382 maestos
709 317 852 383 abiturus
873 318 1001 401 amicos,
1172 355 1176 364 ·
1203 338 1257 387 ·1s

224 422 277 506 qui
299 420 393 488 modo
415 419 455 486 de
477 421 582 486 multis
603 441 684 486 uuus
707 427 740 485 et
760 421 840 486 aiter
862 428 959 488 erant.
1031 479 1034 513 3
1073 456 1081 470 =
1140 432 1175 503 ἢ
1219 500 1222 510 ¹

182 544 261 590 uxor
282 543 394 590 amans
415 523 544 589 flentem
565 523 646 589 flens
666 525 770 590 acrius
791 523 862 609 ipsa
883 526 1050 607 tenebat..

223 628 324 693 imbre
346 647 403 712 per
424 626 573 711 indignas
595 647 695 710 usque
718 625 851 693 cadente
872 647 980 712 genas.

183 737 257 795 nata
278 729 386 815 procul
407 729 537 813 Libycis
559 729 669 795 aberat
690 728 817 796 diversa
838 732 896 797 sub
919 731 981 796 oris

224 853 284 899 nec
304 838 428 918 poterat
449 831 507 897 fati
530 832 642 898 certior
663 852 733 898 esse
756 833 827 898 mei.

182 955 376 1019 quocumque
397 934 587 1020 adspiceres,
609 936 710 1002 luctus
732 937 930 1021 gemitusque
952 939 1108 1004 sonabant
1170 1000 1173 1006 .

223 1039 385 1122 formaque
407 1059 471 1104 non
492 1038 580 1104 taciti
601 1037 720 1104 funeris
742 1038 828 1105 intus
849 1046 924 1105 erat.

181 1143 300 1209 femina
321 1142 431 1226 virque
453 1162 534 1225 meo,
556 1143 645 1227 pueri
668 1162 801 1227 quoque,
824 1143 934 1209 funere
957 1150 1111 1209 maerent:

223 1248 320 1330 inque
341 1245 600 1337 domolacrimas
621 1247 757 1330 angulus
778 1247 880 1312 omnis
901 1246 1006 1312 habet.

182 1350 304 1415 silicet
326 1349 481 1433 exemplis
502 1349 536 1413 in
558 1369 657 1434 parvo
679 1349 853 1433 grandibus
875 1351 930 1431 uti,

99 1505 100 1509 ,
223 1452 303 1518 baec
324 1452 422 1518 facies
443 1453 566 1535 Troiae,
590 1472 660 1518 cum
684 1459 856 1537 caperetur,
880 1460 955 1519 erat.

181 1556 307 1640 iamque
330 1557 534 1639 quiescebant
556 1576 650 1622 voees
671 1555 897 1640 hominumque
919 1577 1106 1641 canumque,

224 1661 382 1742 Lunaque>
398 1666 568 1725 nocturnos
590 1661 655 1724 alta
677 1662 809 1745 regebat
831 1680 937 1744 equos,

182 1764 264 1828 hanc
286 1782 345 1846 ego
369 1763 542 1846 suspiciens
565 1769 596 1827 et
618 1765 659 1830 ab
682 1762 744 1828 hac
766 1764 922 1848 Capitolia
944 1784 1084 1847 comens,

225 1885 306 1950 quae
328 1873 434 1931 nostro
456 1865 573 1930 frustra
593 1867 701 1930 iuncta
722 1866 812 1932 fuere
832 1867 916 1949 Lari,

182 1969 323 2035 ‘numina
344 1969 457 2034 vicinis
479 1968 657 2034 habitantia
679 1969 827 2051 sedibus,'
850 1959 989 2053 iuquam,

225 2078 362 2155 ‘iamque
385 2071 482 2137 oculis
504 2092 665 2155 nunquam
687 2073 805 2157 templa
827 2073 966 2138 videnda
986 2072 1075 2155 meis,

181 2177 276 2259 dique
298 2175 505 2257 relinquendi,
529 2196 607 2259 quos
629 2177 704 2242 mbs
726 2176 823 2242 habet
845 2177 909 2241 alta
931 2175 1063 2259 Quirini,

225 2285 291 2345 este
313 2278 439 2344 salutati
461 2284 586 2364 tempus
606 2279 640 2344 iu
663 2299 756 2344 omne
779 2279 880 2345 mihii‘

182 2389 214 2449 et
236 2402 427 2465 quamquam
450 2402 519 2448 sero
543 2383 678 2468 clipeum
700 2389 771 2467 post
793 2384 924 2448 vulnera
946 2402 1044 2466 sumo,

224 2491 365 2551 attamen
386 2485 470 2551 hanc
491 2484 572 2552 odiis
594 2492 764 2552 exonerate
786 2485 895 2570 fugam

182 2589 371 2672 caelestique
392 2589 470 2671 viro,
493 2589 563 2672 quis
584 2610 636 2655 mo
658 2588 819 2675 deceperit
840 2609 934 2671 error,

168 2743 170 2747 ,
225 2692 330 2774 dicite,
352 2713 408 2777 pro
432 2692 524 2776 culpa
545 2712 587 2758 ne
608 2693 711 2759 scelus
733 2712 804 2758 esse
825 2698 923 2777 putet.

182 2800 226 2877 ut,
249 2794 333 2878 quod
354 2815 411 2862 vos
434 2796 530 2877 scitis,
552 2815 674 2880 poenae
697 2815 820 2879 quoque
843 2795 959 2861 sentiat
979 2802 1098 2878 auctor,

225 2898 349 2983 placato
370 2917 498 2984 possum
520 2919 584 2964 non
606 2898 702 2964 miser
724 2918 795 2964 esse
817 2898 897 2964 deo'

182 3001 242 3068 hac
263 3022 357 3087 prece
378 3002 508 3068 adoravi
531 3023 660 3088 superos
683 3023 757 3087 ego:
781 3002 922 3087 pluribus
945 3023 1034 3084 uxor,

225 3105 364 3190 singultu
386 3106 507 3172 medios
529 3105 720 3190 impediente
743 3124 845 3171 sonos.

181 3208 236 3273 illa
258 3209 353 3274 etiam
374 3215 449 3274 ante
470 3210 568 3276 Lares
590 3210 708 3295 sparsis
729 3209 871 3275 adstrata
893 3208 1014 3293 capillis

226 3312 357 3396 contigit
379 3312 551 3379 exstinctos
573 3333 626 3379 ore
648 3317 802 3378 tremente
823 3311 919 3393 focos,

182 3416 343 3498 multaque
365 3415 398 3479 in
421 3413 572 3482 adversos
594 3414 705 3482 effudit
728 3416 826 3481 verba
847 3416 985 3481 Penates

224 3538 281 3603 pro
304 3518 465 3602 deplorato
487 3539 550 3584 non
573 3519 708 3583 valitura
729 3519 807 3583 viro.

181 3620 308 3703 iamque
329 3641 436 3687 morae
459 3622 595 3705 spatium
617 3642 682 3688 nox
704 3621 913 3706 praecipitata
934 3622 1081 3705 negabat,

225 3742 379 3805 versaque
402 3725 442 3789 ab
466 3744 528 3790 axe
551 3744 606 3790 suo
627 3724 791 3790 Parrhasis
813 3726 925 3789 Arctos
948 3730 1023 3790 erat.
