2934 4117
287 182 348 245 132
654 195 768 264 (ἓῐερὶεῐιε
787 195 822 250 ΙΙ.
842 195 939 262 &citou

284 369 404 434 scilicet
425 389 446 432 a
466 368 593 434 tumulis
616 374 656 449 et,
681 368 735 449 qui
756 369 887 453 periere,
911 367 1094 452 propinquis

326 471 467 556 protinus
490 470 531 534 ad
553 471 642 536 vivos
664 491 719 535 ora
740 470 857 535 referre
878 470 966 534 iuvat

284 580 416 657 postque
438 579 484 637 tot
505 573 647 654 amissos,
671 571 821 655 quicquid
841 571 882 637 de
904 572 1059 656 sanguine
1080 578 1187 656 restat,
1344 592 1363 641 o
1460 640 1461 645 ,

326 674 489 760 adspicere
512 682 544 741 et
565 675 690 759 generis
712 674 912 741 dinumerare
933 674 1058 759 gradus.

283 779 409 844 innocui
430 778 573 843 veniant!
596 778 703 863 procul
724 777 809 861 hinc,
831 778 939 863 procul
959 777 1074 863 impius
1096 784 1163 843 esto

224 940 226 943 ,
326 880 423 946 frater
445 881 532 946 etin
554 888 663 966 partus
685 888 786 946 mater
807 882 921 946 acerba
942 900 1024 963 suos,

284 984 334 1048 cui
355 989 445 1068 pater
467 989 515 1049 est
536 985 644 1066 vivax,
668 984 722 1067 qui
744 983 853 1049 matris
874 983 989 1068 digerit
1009 1004 1118 1065 annos,

327 1106 408 1169 quae
429 1087 543 1171 premit
564 1086 700 1152 invisam
723 1107 829 1152 socrus
851 1087 961 1169 iniqua
981 1088 1106 1151 nurum!
1330 1102 1365 1159 ιο

284 1189 471 1253 Tantalidae
492 1189 605 1255 stauos
626 1190 733 1255 absint
755 1196 787 1254 et
808 1190 930 1254 Iasonis
951 1209 1032 1254 uxor
1141 1240 1144 1243 ,

328 1297 360 1356 et
381 1311 461 1374 quae
482 1292 624 1357 ruricolis
646 1292 768 1357 semina
789 1297 872 1357 tosta
894 1291 990 1356 dedit.

285 1394 334 1460 dis
355 1395 481 1479 generis
503 1394 577 1460 date
599 1401 677 1477 tura,
701 1395 786 1476 boni,
810 1433 851 1442 —
875 1392 1049 1461 Concordia
1071 1395 1169 1460 fertur

326 1498 381 1562 illa
402 1498 569 1581 praecipue
591 1498 674 1562 mitis
696 1497 809 1562 adesse
831 1497 883 1563 die
904 1536 947 1544 —

286 1607 318 1665 et
338 1600 435 1666 libate
458 1599 566 1685 dapes,
589 1606 633 1681 ut,
656 1600 739 1683 grati
761 1601 876 1685 pignus
898 1601 1034 1682 honoris,

328 1703 444 1767 nutriat
464 1703 619 1768 incinctos
641 1703 739 1768 missa
760 1703 877 1788 patella
897 1704 1004 1768 Lares.

286 1808 410 1888 iamque
431 1806 486 1870 ubi
508 1805 654 1871 suadebit
675 1806 817 1889 placidos
839 1826 904 1872 nox
927 1805 1035 1870 umida
1058 1826 1192 1889 somnos,

328 1908 417 1991 larga
438 1909 595 1991 precaturi
616 1908 729 1972 sumite
751 1908 827 1972 vina
848 1928 943 1972 manu

287 2016 318 2075 et
339 2004 431 2075 ‘bene
453 2030 519 2091 vos,
542 2012 624 2076 benc
646 2017 687 2092 te,
710 2011 831 2096 patriae
853 2017 952 2096 pater,
976 2012 1093 2095 optime
1116 2007 1258 2078 Caesarl'

328 2112 424 2178 dicite
447 2114 563 2178 suffuso
586 2113 619 2177 in
642 2114 767 2196 singula
789 2115 888 2179 verba
909 2135 1004 2179 mero.
1330 2135 1364 2183 ao

477 2369 528 2439 10.
551 2374 617 2440 brt
639 2370 692 2440 23.
715 2372 877 2441 thruor.
907 2371 1122 2443 carminatis.

288 2527 360 2591 Nox
381 2526 436 2590 ubi
458 2525 624 2607 transierit,
649 2526 738 2591 solito
762 2526 937 2591 celebretur
960 2526 1087 2608 honore,

330 2635 455 2713 separat
477 2629 591 2693 indicio
615 2629 668 2711 qui
690 2628 768 2693 deus
791 2649 868 2694 arva
890 2650 954 2695 suo.

287 2732 443 2815 Termine,
467 2732 534 2798 sive
556 2732 646 2815 lapis,
669 2733 737 2798 sive
760 2752 793 2797 es
816 2732 958 2799 defossus
980 2734 1013 2797 in
1035 2754 1110 2816 agro

331 2836 438 2921 stipes,
461 2837 501 2901 ab
524 2835 661 2918 antiquis
683 2841 717 2900 tu
741 2855 864 2918 quoque
885 2856 1002 2901 numen
1024 2835 1132 2902 habes.

289 2946 320 3003 te
341 2937 404 3004 duo
425 2939 552 3005 diversa
573 2939 693 3004 domini
714 2938 756 3003 de
777 2946 866 3022 parte
889 2946 1039 3005 coronant

331 3042 468 3124 binaque
490 3049 574 3106 serta
596 3041 654 3108 tibi
675 3041 814 3124 binaque
835 3042 901 3106 liba
922 3041 1034 3107 serunt.

289 3165 343 3209 ara
364 3144 413 3209 fit:
436 3144 499 3210 huo
519 3146 626 3229 ignem
650 3150 736 3209 curto
759 3144 819 3209 fert
840 3146 956 3210 rustica
977 3150 1059 3211 testu

333 3253 491 3331 sumptum
512 3248 553 3312 de
575 3247 690 3331 tepidis
712 3248 782 3332 ipsa
804 3248 914 3313 colona
934 3248 1020 3313 focis.

289 3350 377 3433 ligna
399 3369 498 3415 senex
519 3352 632 3415 minuit
654 3351 841 3433 concisaque
863 3353 1014 3417 construit
1035 3357 1102 3416 arte

334 3458 366 3516 et
387 3452 487 3517 solida
507 3473 611 3518 ramos
633 3453 730 3537 figere
753 3460 875 3537 pugnat
896 3453 1000 3519 humo.

291 3558 358 3617 tum
380 3554 461 3619 sicco
483 3555 601 3638 primas
621 3555 723 3619 irritat
745 3556 859 3621 cortice
880 3555 1037 3623 flammas:

334 3662 396 3719 stat
418 3676 496 3739 puer
518 3663 550 3721 et
571 3659 716 3723 manibus
738 3659 803 3723 lata
825 3659 962 3725 canistra
984 3666 1078 3725 tenet.

292 3755 366 3819 inde
388 3757 442 3822 ubi
463 3764 510 3821 ter
532 3758 638 3842 fruges
660 3759 780 3826 medios
801 3761 930 3829 immisit
950 3763 983 3827 in
1005 3763 1098 3847 ignis,
