2934 4117
240 149 282 212 62
408 246 410 249 Ι
640 164 873 235 Ἧῖεὶαηιοτυῄοῐειι,

240 331 300 403 ‘est
321 338 407 402 locus
430 337 578 403 extremis
600 337 751 422 Scythiae
773 338 915 422 glacialis
936 339 969 403 in
992 340 1064 422 oris,

240 440 329 505 triste
350 439 459 520 solum,
477 439 606 521 sterilis,
629 441 698 506 sine
720 440 821 524 fruge,
844 440 1044 506 sinearbore
1066 442 1171 526 tellus;

241 543 353 626 Frigus
375 543 459 607 iners
482 542 545 607 illic
566 542 711 608 habitant
731 544 897 625 Pallorque
918 544 1109 625 Tremorque

241 652 273 711 et
294 646 400 710 ieiuna
421 647 544 711 Fames.
590 666 629 711 ea
651 666 685 711 se
706 647 741 711 in
763 646 947 730 praecordia
970 645 1084 711 condat
1143 638 1147 643 ’
1178 636 1181 641 ’

242 749 385 833 sacrilegi
407 749 568 830 scelerata,
591 750 678 834 iube;
702 769 762 815 nec
785 750 875 835 eopia
896 770 999 814 rerum

241 852 349 916 vincat
370 872 450 933 eam,
473 860 660 937 superetque
682 871 770 918 meas
792 853 962 917 certamine
984 853 1076 918 vires.

196 947 198 950 ’
242 974 322 1019 neve
344 954 415 1019 viae
438 956 574 1039 spatium
596 963 628 1020 te
649 961 774 1036 terreat,
798 956 905 1039 accipe
928 975 1044 1036 currus,

241 1058 358 1142 accipe,
382 1077 459 1140 quos
481 1058 578 1123 frenis
600 1059 664 1124 alte
685 1058 857 1140 moderere,
881 1054 1053 1124 dracones?

243 1167 274 1225 et
295 1159 391 1226 dedit.
436 1161 490 1226 illa
512 1160 585 1226 dato
607 1162 758 1226 subvecta
779 1181 836 1245 per
857 1169 931 1226 aera
953 1180 1044 1226 curru

242 1261 371 1328 devenit
392 1262 426 1328 in
448 1264 611 1347 Scythiam
625 1262 789 1347 rigidique
814 1265 975 1328 cacumine
998 1267 1112 1330 montis
1132 1301 1178 1314 *-
1285 1283 1318 1330 55

244 1366 405 1432 Caucason
427 1367 587 1451 appellant
608 1373 855 1450 -serpentum
878 1367 957 1431 oolla
978 1366 1109 1451 levavit3

243 1469 479 1551 quaesitamque
502 1471 630 1534 Famem
654 1468 796 1552 lapidoso
818 1466 898 1534 uidit
919 1470 952 1533 in
975 1487 1051 1553 agro

243 1571 400 1654 unguibus
423 1578 454 1636 et
476 1592 562 1636 raras
584 1572 753 1636 vellentem
775 1571 924 1637 dentibus
945 1571 1069 1637 herbas.
1099 1604 1106 1615 x

244 1673 342 1739 hirtus
364 1681 432 1738 erat
453 1675 557 1756 crinis,
580 1694 659 1740 cava
679 1674 810 1756 lumina,
832 1675 933 1759 pallor
954 1662 1072 1755 inore,

243 1776 331 1841 labra
351 1777 469 1841 incana
489 1778 561 1857 situ,
585 1777 715 1842 scabrae
737 1776 883 1860 rubigine
905 1777 1021 1857 fauces,
1138 1766 1142 1773 ’
1285 1797 1319 1844 oo

244 1877 322 1943 dura
344 1878 433 1960 cutis,
456 1898 513 1964 per
535 1899 628 1961 quam
651 1879 788 1964 spectari
809 1879 932 1944 viscera
953 1884 1095 1965 possent3

243 2001 315 2046 ossa
337 1984 394 2048 sub
417 1981 554 2047 incuruis
577 1982 746 2047 exstabant
767 1981 858 2046 arida
878 1982 1001 2064 lumbis,

243 2084 361 2149 ventris
384 2090 452 2148 erat
472 2105 529 2168 pro
551 2092 661 2149 uentre
682 2085 779 2165 locus,
801 2084 940 2170 pendere
962 2091 1089 2169 putares

198 2227 201 2233 ·
243 2193 353 2271 pectus
375 2193 407 2251 et
427 2207 448 2251 a
469 2186 579 2270 spinae
601 2186 815 2252 tantummodo
838 2194 923 2253 crate
944 2189 1053 2253 teneri.

244 2295 377 2353 auxerat
397 2289 544 2354 articulos
566 2289 683 2355 macies
704 2290 903 2374 genuumque
925 2284 1066 2356 tumebat
1287 2312 1319 2359 65

245 2392 337 2473 orbis,
361 2397 393 2457 et
413 2391 580 2457 immodico
601 2392 771 2476 prodibant
792 2393 902 2458 tubere
924 2393 988 2457 tali.
1350 2401 1352 2405 ’

244 2493 327 2558 hanc
347 2494 456 2578 procul
476 2501 512 2559 ut
533 2494 623 2574 vidit,
644 2533 688 2541 —
709 2504 812 2578 neque
835 2494 929 2560 enim·
942 2501 990 2560 est
1011 2494 1161 2560 accedere
1183 2486 1273 2560 iuxta

244 2615 322 2660 ausa
342 2634 384 2643 -
406 2596 502 2661 refert
523 2596 674 2661 mandata
696 2597 788 2681 deae;
812 2599 1002 2682 paulumque
1024 2605 1152 2678 morata,

245 2717 433 2780 quamquam
454 2701 563 2764 aberat
584 2699 687 2782 longe,
711 2720 900 2782 quamquam
922 2699 1015 2765 modo
1037 2707 1168 2764 venerat
1190 2701 1271 2780 illuc,

244 2801 314 2866 visa
335 2807 442 2865 tamen
464 2802 601 2867 sensisse
622 2801 740 2867 famem
761 2808 906 2884 retroque
928 2802 1080 2868 dracones
1287 2822 1319 2870 uo

245 2903 310 2986 egit
331 2904 364 2967 in
387 2905 593 2970 Haemoniam
615 2906 715 2970 versis
737 2906 880 2972 sublimis
902 2906 1043 2971 habenis.

287 3006 381 3071 Dicta
403 3008 517 3072 Fames
540 3008 671 3089 Cereris,
695 3009 1017 3090 quamvis‘contraria
1038 3028 1161 3093 semper

244 3109 326 3174 illius
349 3115 397 3175 est
418 3112 514 3193 operi,
537 3112 661 3195 peragit
681 3131 800 3196 perque
822 3119 896 3177 aera
918 3118 1012 3177 vento

244 3210 286 3276 ad
307 3211 424 3276 iussam
447 3211 552 3277 delata
575 3212 701 3279 domum
724 3221 773 3279 est
795 3220 827 3279 et
848 3215 990 3299 protinus
1012 3215 1075 3279 intr
1095 3221 1109 3278 t

244 3314 389 3398 sacrilegi
410 3313 565 3380 thalamos
586 3315 711 3398 altoque
733 3316 844 3401 sopore
867 3317 1002 3381 solutum
1023 3354 1066 3364 -
1153 3307 1157 3313 ’
1287 3336 1319 3403 us

244 3416 345 3482 noctis
367 3417 451 3481 enim
472 3423 598 3502 tempus
619 3456 662 3465 —
683 3419 820 3503 geminis
842 3419 1041 3502 amplectitur
1061 3418 1144 3483 ulnis

238 3538 340 3601 seque
362 3519 430 3584 viro
451 3520 585 3605 inspirat
605 3520 775 3604 faucesque
798 3529 830 3586 et
850 3528 961 3606 peetus
983 3528 1014 3587 et
1036 3541 1091 3586 ora

244 3621 342 3687 adflat
364 3628 396 3687 et
416 3623 450 3688 in
471 3625 579 3690 vacuis
602 3625 722 3710 spargit
744 3624 861 3691 ieiunia
880 3625 981 3690 venis.

244 3723 413 3809 functaque
435 3726 584 3794 mandato
605 3727 776 3796 fecundum
798 3727 913 3796 deserit
935 3728 1041 3796 orbem
