2934 4117
606 140 648 192 22.
668 137 769 192 illicet.
832 214 835 218 Ι

176 305 326 371 ruricolae
348 325 459 392 cepere
481 307 625 390 Phryges
647 309 849 391 vinctumque
871 310 992 375 coronis

176 407 217 472 ad
237 428 346 492 regem
368 409 488 474 duxere
509 409 627 491 Midan,
650 412 700 476 cui
721 411 875 476 Thracius
897 410 1040 496 Orpheus

175 510 263 595 orgia
284 510 456 577 tradiderat
478 532 549 576 eum
572 513 722 597 Cecropio
743 513 905 598 Eumolpo.

175 614 228 696 qui
250 613 342 679 simul
363 614 492 698 agnovit
513 616 631 680 socium
654 616 862 699 comitemque
884 637 1051 697 sacrorum,

175 715 307 799 hospitis
328 716 467 781 adventu
490 717 605 782 festum
625 718 792 801 genialiter
814 719 880 803 egit

176 838 231 903 per
253 819 303 884 bis
325 819 465 902 quinque
488 819 556 885 dies
578 826 610 885 et
631 820 755 887 iunctas
776 820 886 887 ordine
908 828 1024 887 noctes.

176 929 207 987 et
228 923 291 986 iam
315 923 472 988 stellarum
495 924 627 989 sublime
649 930 795 1007 coegerat
817 944 931 1008 agmen

175 1026 300 1090 Lucifer
321 1026 513 1106 undecimus,
537 1024 644 1109 Lydos
666 1046 737 1090 cum
758 1027 858 1091 laetus
880 1027 914 1091 in
936 1047 1029 1109 agros

175 1148 232 1193 rex
253 1128 342 1192 venit
364 1134 395 1193 et
416 1129 524 1192 iuveni
547 1128 686 1194 Silenum
708 1128 812 1194 reddit
833 1130 967 1194 alumno.

175 1230 248 1295 huie
270 1230 347 1296 deus
369 1229 499 1315 optandi
521 1238 655 1314 gratum,
678 1231 735 1296 sed
757 1231 876 1312 inutile,
900 1231 974 1296 fecit

175 1333 312 1406 muneris
333 1333 496 1398 arbitrium
518 1333 660 1417 gaudens
682 1334 780 1400 altore
802 1341 937 1419 recepto.

175 1436 227 1499 ille
249 1435 331 1500 male
354 1456 465 1500 usurus
487 1435 577 1501 donis
599 1436 643 1500 ait
665 1429 777 1518 ‘eflice²
801 1435 949 1519 quicquid

176 1558 301 1623 corpore
324 1539 492 1621 contigero,
514 1538 635 1603 fulvum
658 1545 798 1604 vertatur
818 1539 852 1604 in
874 1535 1005 1604 aurum?

175 1640 285 1705 adnuit
307 1640 422 1725 optatis
445 1640 648 1724 nocituraque
670 1661 801 1706 munera
824 1641 917 1706 solvit

175 1744 270 1808 Liber
292 1749 324 1808 et
344 1741 486 1824 indoluit,
510 1743 593 1825 quod
615 1762 678 1808 non
700 1744 830 1808 meliora
851 1743 990 1828 petisset.

218 1846 334 1910 Laetus
355 1846 423 1910 abit
443 1845 623 1928 gaudetque
645 1845 727 1911 malo
749 1846 956 1928 Berecyntius
978 1845 1070 1912 heros

175 1948 365 2032 pollicitique
387 1946 482 2013 iidem
504 1947 663 2032 tangendo
686 1948 810 2031 singula
832 1954 972 2032 temptat.
1109 1936 1112 1943 ⁴

175 2051 291 2132 vixque
314 2051 374 2115 sibi
397 2049 527 2115 credens
550 2071 613 2115 non
636 2052 700 2115 alta
722 2051 832 2116 fronde
855 2040 1008 2116 virentem

175 2153 245 2218 ilice
266 2151 405 2217 detraxit
425 2153 560 2236 virgam:
584 2154 673 2236 virga
693 2173 790 2218 aurea
811 2153 896 2218 lacta
918 2161 974 2219 est.

176 2257 255 2321 tollit
276 2257 370 2321 burno
392 2276 519 2321 saxum:
543 2276 655 2322 saxum
677 2277 800 2340 quoque
822 2258 933 2340 palluit
953 2278 1038 2323 auro.

177 2359 307 2442 contigit
329 2366 360 2423 et
381 2359 540 2443 glaebam:
564 2365 710 2424 contactu
731 2359 846 2442 glaeba
869 2360 989 2444 potenti

177 2481 279 2526 massa
300 2461 344 2526 fit.
383 2461 501 2526 arentis
524 2462 646 2528 Cereris
668 2460 826 2546 decerpsit
847 2463 973 2528 aristas:

175 2583 272 2628 aurea
293 2563 404 2629 messis
426 2569 501 2628 erat.
534 2562 694 2648 demptum
717 2570 804 2629 tenet
825 2565 935 2630 arbore
957 2585 1097 2648 pomum:

177 2666 367 2751 Hesperidas
388 2666 524 2732 donasse
545 2673 646 2751 putes.
684 2668 711 2731 si
733 2667 876 2750 postibus
897 2667 970 2732 altis

176 2768 316 2835 admovit
337 2770 462 2853 digitos,
486 2776 592 2854 postes
612 2770 734 2835 radiare
757 2769 911 2835 videntur.

177 2873 232 2938 vin
254 2893 326 2957 spes
347 2874 415 2957 ipse
438 2892 510 2937 suas
532 2873 636 2937 animo
660 2874 744 2956 capit
765 2893 861 2937 aurea
881 2872 1005 2956 fingens

177 2976 290 3041 omnia.
313 2975 464 3059 gaudenti
486 2994 611 3039 mensas
633 2995 765 3059 posuere
786 2975 920 3041 ministri

178 3085 353 3144 exstructas
376 3077 510 3162 dapibus
531 3098 591 3143 nee
613 3085 714 3143 tostae
736 3079 835 3162 frugis
858 3083 996 3162 egentes.

177 3187 244 3246 tum
264 3201 348 3262 vero,
372 3181 440 3246 sive
461 3181 513 3244 ille
536 3201 593 3246 sua
615 3180 756 3246 Cerealia
778 3180 890 3244 dextra

178 3304 308 3349 munera
330 3284 512 3366 contigerat,
537 3283 679 3350 Cerealia
701 3281 784 3348 dona
806 3284 961 3367 rigebant,

178 3386 245 3452 sive
269 3385 366 3471 dapes
388 3385 482 3450 auido
505 3385 680 3451 convellere
702 3385 797 3450 dente
819 3384 961 3469 parabat,

108 3554 113 3563 ,
178 3489 327 3553 lammina
349 3488 437 3553 fulva
458 3487 556 3571 dapes
578 3488 704 3553 admoto
727 3487 821 3553 dente
843 3488 1013 3572 premebat.

179 3593 346 3657 miscuerat
366 3591 453 3676 puris
475 3597 633 3655 auctorem
655 3590 793 3655 muneris
815 3589 919 3654 undis:

178 3694 270 3760 fusile
292 3714 349 3778 per
371 3694 466 3758 metus
488 3713 598 3757 aurum
619 3692 741 3758 fluitare
763 3692 896 3758 videres.

1018 3793 1049 3844 bis·
