2934 4117
548 229 571 280 3.
591 224 716 293 &bruger
733 222 839 279 lssiuter.
1146 206 1203 268 157

179 401 381 466 Sauromatae
405 401 546 484 cingunt,
568 397 637 462 fera
658 417 748 480 gens,
771 396 924 480 Bessique
947 396 1118 478 Getaeque,
1236 413 1252 462 s

147 578 149 581 ¹
222 522 302 587 quae
323 524 387 568 non
409 501 538 586 ingenio
559 500 687 566 nomina
709 498 808 582 digna
829 501 912 564 meol

179 604 253 670 dum
275 612 381 671 tamen
403 625 480 669 aura
501 608 598 687 tepet,
620 599 724 666 medio
746 599 945 665 defendimur
968 600 1087 665 Histro:

219 709 272 774 ille
294 709 359 774 suis
380 707 517 790 liquidus
538 706 621 771 bella
642 703 765 788 repellit
785 703 885 786 aquis.

177 818 210 876 at
232 832 303 876 eum
325 811 421 876 tristis
443 811 544 875 hiems
566 806 742 891 squalentia
764 807 892 891 protulit
914 827 969 873 ora

219 921 365 996 terraque
387 933 559 978 marmoreo
583 918 631 978 est
652 909 789 977 candida
810 910 895 975 facta
916 911 999 995 gelu,

178 1039 248 1083 cum
270 1017 395 1102 gelidus
416 1017 528 1082 boreas
550 1016 635 1081 sicca
657 1014 827 1079 bacchatur
842 1014 890 1080 ab
913 1016 1018 1095 Arct0,

220 1128 286 1185 turn
307 1120 405 1202 liquet
426 1119 485 1183 has
506 1124 618 1203 gentes
639 1137 701 1183 axe
723 1121 876 1182 tremente
898 1117 1006 1200 premi.

178 1223 234 1287 nix
256 1222 347 1304 iacet,
371 1229 403 1286 et
423 1222 538 1287 iactam
561 1242 621 1286 nec
643 1221 688 1287 sol
710 1221 878 1305 pluviaeve
900 1220 1068 1302 resolvunt,

220 1325 347 1390 indurat
367 1326 479 1390 boreas
500 1331 746 1409 perpetuamque
767 1323 852 1389 facit.

178 1448 252 1512 ergo
273 1428 328 1494 ubi
350 1427 477 1493 delicuit
498 1429 638 1494 nondum
660 1428 754 1513 prior,
776 1427 876 1492 altera
897 1427 994 1509 venit,

221 1537 253 1596 et
274 1531 354 1596 solet
375 1531 407 1595 in
430 1531 536 1597 multis
557 1531 645 1596 bima
660 1551 795 1620 manere
816 1531 902 1596 locis.

24 1633 27 1637 ’
62 1704 64 1707 ,
177 1642 328 1718 tantaque
350 1634 495 1699 commoti
517 1635 566 1700 vis
590 1641 638 1699 est
659 1634 825 1717 aquilonis,
848 1639 883 1698 ut
904 1633 985 1698 altas

6 1810 7 1835 χ
91 1788 94 1791 Α
220 1739 335 1821 aequet
355 1737 450 1802 humo
472 1744 573 1803 turres
594 1744 741 1820 tectaque
761 1742 853 1821 rapta
876 1736 964 1802 ferat.

177 1842 311 1926 pellibus
334 1847 366 1905 et
388 1842 596 1906 sutis’arcent
618 1841 702 1905 mala
723 1840 842 1924 frigora
863 1839 975 1920 bracis,

220 1963 335 2026 oraque
357 1941 396 2008 de
419 1949 484 2008 toto
506 1963 634 2027 corpore
656 1944 722 2008 sola
744 1949 862 2026 patent.

177 2066 272 2130 saepe
295 2052 408 2111 sonant
428 2047 504 2109 moti
526 2045 629 2129 glacie
651 2043 811 2129 pendente
834 2044 948 2129 capilli,

221 2155 252 2214 et
273 2149 353 2213 nitet
375 2147 503 2214 inducto
526 2147 662 2212 candida
683 2149 783 2214 barba
804 2148 887 2232 gelu.

177 2251 323 2334 nudaque
346 2251 529 2333 consistunt,
553 2250 685 2316 formam
708 2251 867 2316 servantia
889 2257 998 2332 testae,
1020 2289 1022 2295 ·

219 2355 303 2436 vina,
327 2373 387 2418 nec
408 2354 522 2418 hausta
543 2354 630 2434 meri,
654 2354 710 2418 sed
732 2352 808 2418 data
829 2354 929 2418 frusta
950 2353 1070 2418 bibunt.

177 2457 252 2540 quid
274 2458 392 2539 loquar,
415 2464 450 2522 ut
472 2458 569 2522 vincti
592 2464 796 2523 concrescant
816 2458 931 2540 frigore
953 2457 1023 2537 rivi,

219 2561 321 2644 deque
342 2562 414 2626 lacu
435 2560 563 2645 fragiles
586 2560 773 2627 effodiantur
795 2562 918 2644 aquae?
943 2608 945 2613 ,

177 2665 254 2748 ipse,
276 2663 457 2748 papyrifero
480 2666 618 2746 quinon
641 2666 804 2749 angustior
825 2684 919 2729 amne

219 2767 366 2832 miscetur
388 2774 477 2833 vasto
500 2768 598 2833 multa
618 2787 676 2852 per
697 2788 752 2833 ora
773 2767 862 2848 freto,

178 2869 336 2935 caeruleos
358 2870 462 2935 ventis
483 2870 592 2936 latices
615 2870 810 2951 durantibus
833 2871 940 2936 Hister

221 2973 365 3057 congelat
387 2978 418 3037 et
441 2974 532 3038 tectis
553 2975 587 3037 in
609 2994 696 3039 mare
718 2974 816 3058 serpit
837 2973 937 3054 aquis.

179 3095 301 3157 quaque
322 3081 406 3140 rates
427 3075 537 3157 ierant,
560 3075 694 3161 pedibus
716 3096 801 3140 nunc
822 3076 892 3157 itur,
917 3081 948 3140 et
968 3075 1071 3140 undas

220 3177 334 3262 frigore
357 3184 517 3263 concretas
538 3180 657 3263 ungula
677 3180 782 3264 pulsat
804 3179 889 3262 eqni;

178 3301 295 3364 perque
317 3301 415 3347 novos
436 3288 549 3365 pontes
571 3283 679 3347 subter
699 3281 880 3347 labentibus
902 3280 995 3346 undis

221 3384 338 3449 ducunt
361 3385 526 3450 Sarmatici
547 3386 684 3450 barbara
705 3386 846 3470 plaustra
867 3386 974 3450 boves.

178 3487 233 3552 vix
256 3487 400 3569 equidem
424 3487 546 3571 credam
570 3486 626 3552 sed
649 3508 719 3552 cum
743 3488 805 3552 sint
827 3487 968 3571 praemia
989 3485 1061 3551 falsi

220 3591 315 3672 nulla,
338 3597 439 3655 ratam
461 3589 556 3654 debet
578 3591 667 3656 testis
689 3591 805 3657 habere
827 3589 931 3655 fidem.

169 3693 314 3757 ¹vidimus
335 3693 496 3777 ingentem
518 3693 620 3776 glacie
643 3695 811 3760 consistere
833 3699 972 3778 pontum,

5 3871 9 3905 t
221 3795 402 3878 lubricaque
424 3797 568 3860 immotas
590 3803 671 3863 testa
693 3797 855 3883 premebat
877 3815 985 3881 aquas.
