2934 4117
253 145 296 208 40
328 142 330 146 ’
650 160 881 230 illotomorpboleu.

253 333 410 399 occiderat
432 340 545 417 mater3
568 333 625 398 sed
647 332 780 398 ethaeo
803 333 843 398 de
864 334 957 418 plebe
980 353 1097 416 suoque

253 455 355 517 aequa
376 435 443 500 viro
466 436 577 500 fuerat.
623 435 731 520 Lydas
754 444 859 501 tamen
881 436 935 501 illa
957 457 1012 520 per
1033 437 1128 502 nrbes
1204 455 1207 458 ’

254 538 430 620 quaesierat
452 537 555 605 studio
577 559 691 604 nornen
714 539 924 621 memorabile,
948 541 1091 622 quamvis

253 647 321 706 orta
343 641 435 707 domo
456 662 557 726 parva
577 642 683 726 parvis
705 642 871 708 habitabat
893 644 1066 727 Hypaepis.

254 744 345 810 huius
367 745 624 829 utadspicerent
644 765 723 830 opus
745 744 938 825 admirabile,
962 765 1057 829 saepe

253 846 420 913 deseruere
442 848 490 914 sui
512 848 673 934 nymphae
695 849 803 914 vineta
823 849 947 930 Timoli,

193 957 195 961 ‘
254 949 418 1016 deseruere
441 970 514 1016 suas
536 951 698 1035 nymphae
719 950 897 1017 Pactolides
919 951 1030 1018 undas.

253 1072 313 1117 nec
335 1052 435 1119 factas
457 1054 557 1119 solum
579 1061 685 1120 vestes
707 1061 850 1139 spectare
871 1054 1013 1118 iuvabat:

253 1161 320 1219 tum
342 1176 474 1240 quoque,
498 1177 568 1221 cunr
590 1156 715 1241 fierent3
738 1162 845 1221 tantus
867 1155 960 1221 decor
981 1155 1084 1221 adfuit
1105 1157 1172 1221 arti.

254 1258 322 1324 sive
343 1258 453 1324 rudem
475 1260 592 1343 primos
614 1260 718 1323 lanam
742 1260 936 1342 glomerabat
957 1259 989 1322 in
1013 1261 1113 1340 orbeS,

253 1380 310 1426 seu
333 1361 441 1445 digitis
464 1362 632 1445 subigebat
653 1382 732 1446 opus
753 1362 948 1447 repetitaque
969 1362 1063 1446 longo

254 1465 372 1530 vellera
392 1465 533 1531 mollibat
554 1465 686 1531 nebulas
708 1466 878 1548 aequantia
898 1472 1008 1547 tractu,

254 1566 321 1634 sivo
343 1567 406 1634 levi
428 1575 559 1634 teretem
581 1570 729 1635 versabat
751 1568 864 1652 polhoc
886 1568 1000 1649 husam,

254 1690 311 1736 sen
332 1673 484 1756 pingebat
505 1692 574 1755 acu,
597 1673 694 1738 scires
715 1692 736 1736 a
757 1672 886 1737 Pallade
909 1672 1042 1737 doctam.

254 1774 338 1857 quod
359 1781 466 1840 tamen
489 1776 559 1861 ipsa
580 1782 677 1860 negat
699 1782 848 1859 tantaque
871 1776 991 1841 offensa
1012 1776 1163 1858 magistra

255 1879 372 1943 ‘contet'
396 1879 441 1943 ait
463 1882 609 1944 ‘mecumz
633 1878 711 1943 nihil
734 1886 791 1960 est,
815 1878 898 1962 quod
920 1879 1004 1942 victa
1026 1874 1189 1944 recusem.²

254 1981 358 2046 Pallas
379 2002 475 2046 anum
497 1982 623 2047 simulat
645 1982 803 2064 falsosque
824 1982 857 2046 in
880 1989 1022 2067 tempora
1044 2000 1139 2046 canos

254 2084 344 2148 addit
365 2091 397 2149 et
419 2085 559 2151 infirmos
580 2086 726 2151 baculum
750 2086 832 2170 quod
855 2086 987 2151 sustinet
1009 2092 1103 2149 artus

255 2193 320 2251 tum
343 2187 389 2252 sio
409 2208 480 2253 orsa
501 2188 600 2270 loqui:
623 2181 697 2252 ‘non
720 2188 827 2253 omnia
847 2188 995 2272 grandior
1017 2196 1115 2267 actae,

256 2309 336 2372 quae
358 2289 525 2373 fugiamus,
548 2289 659 2357 habet:
683 2291 761 2357 seris
782 2292 871 2356 venit
892 2311 968 2356 usus
990 2292 1030 2355 ab
1053 2290 1155 2355 annis

255 2392 419 2457 consilium
440 2413 481 2457 ne
503 2413 617 2477 sperne
639 2414 753 2458 meum.
798 2393 855 2460 tibi
877 2392 962 2458 fama
983 2400 1107 2478 petatur

254 2496 336 2560 inter
357 2497 504 2562 mortales
526 2496 690 2563 faciendae
712 2498 852 2562 maxima
872 2498 978 2561 lanae:

255 2597 332 2663 cede
354 2598 434 2664 deae
455 2600 643 2682 veniamque
666 2601 736 2681 tuis,
760 2601 935 2682 temeraria,
958 2599 1050 2665 dictis

254 2702 395 2786 supplice
415 2723 494 2768 voce
516 2723 605 2787 roga:
628 2704 756 2769 veniam
779 2704 867 2770 dabit
888 2705 942 2768 illa
963 2700 1109 2787 roganti.³

254 2804 389 2889 adspicit
410 2805 493 2872 hanc
514 2807 612 2873 torvis
633 2808 822 2892 inceptaque
844 2808 897 2872 fila
919 2808 1066 2889 relinquit

254 2908 373 2991 vixque
394 2930 522 2974 manum
544 2911 684 2976 retinens
706 2911 912 2994 confessaque
934 2911 1071 2977 vultibus
1093 2912 1171 2986 irarn

255 3012 370 3077 talibus
391 3014 556 3078 obscuram
579 3021 720 3080 resecuta
743 3021 791 3080 est
812 3014 942 3079 Pallada
965 3013 1070 3079 dictis:

254 3109 379 3182 ‘mentis
401 3116 491 3200 inops
512 3116 669 3202 longaque
691 3118 782 3184 venis
805 3118 948 3184 confecta
969 3124 1104 3183 senecta.

256 3224 287 3281 ct
307 3218 439 3283 nimium
461 3219 579 3284 vixisse
602 3220 655 3284 diu
677 3228 777 3285 nocet.
823 3220 931 3285 audiat
952 3220 1039 3301 istas,

255 3321 346 3403 siqua
367 3322 424 3387 tibi
446 3342 543 3389 nurus
565 3329 622 3405 est,
646 3324 736 3405 siqua
759 3330 806 3390 est
827 3324 885 3389 tibi
906 3323 980 3405 filia,
1002 3344 1105 3389 voces.

256 3425 385 3489 consilio
408 3426 485 3492 satis
508 3432 556 3492 est
577 3426 611 3492 in
633 3447 684 3492 me
707 3428 793 3492 mihi.
816 3448 899 3493 neve
920 3427 1076 3494 monendo

255 3526 425 3610 profecisse
446 3535 548 3612 putes,
572 3527 683 3594 eadem
707 3537 755 3595 est
776 3532 933 3597 sententia
954 3531 1054 3597 nobis.

257 3648 311 3694 cur
332 3649 395 3695 non
417 3629 488 3716 ipsa
509 3633 618 3698 venit?
641 3654 696 3698 cur
718 3634 798 3699 haec
821 3635 993 3699 certamina
1014 3628 1128 3699 vitat?

256 3738 323 3796 turn
345 3731 406 3797 dea
427 3727 550 3799 ‘ueniti'
572 3736 629 3822 ait;
653 3736 848 3820 formamque
871 3738 1004 3803 removit
1025 3739 1139 3802 anilem
