2934 4117
484 148 509 199 4.
531 143 690 201 ttonfflnnt
708 144 753 198 ces
771 143 880 226 (ttttrtes.
1139 126 1201 192 185

170 337 257 402 spem
280 319 368 385 iuvat
390 317 547 402 amplecti,
570 337 652 400 quac
675 337 738 383 uon
761 317 850 381 iuvat
873 317 961 381 irrita
983 337 1128 402 semper,
1167 362 1170 369 ·
1214 360 1218 366 ι
1367 334 1372 342 ·

213 427 245 485 et
266 421 333 485 fieri
356 421 474 505 cupias,
497 420 589 503 siqua
610 420 716 484 futura
737 426 839 505 putes.

169 523 330 608 proximus
353 523 426 589 huic
446 522 564 607 gradus
586 530 634 588 est
656 524 739 589 benc
762 521 931 607 desperare
953 523 1087 589 salutem
1178 530 1201 590 “.

212 646 310 708 seque
332 627 430 692 semel
451 646 528 692 vera
550 627 630 692 scire
652 626 774 710 perisse
795 625 867 691 fide.

169 729 307 795 curando
329 729 397 794 fieri
420 728 575 812 quaedam
598 729 718 794 maiora
740 728 883 794 videmus

211 832 352 912 vulnera,
377 852 458 915 quae
480 832 592 897 molius
614 852 678 896 non
701 832 844 915 tetigisse
867 832 934 897 fuit.

168 935 274 999 mitius
296 935 349 999 ille
372 935 463 1019 perit,
486 934 591 1000 subita
614 935 667 1016 qui
689 934 840 1018 mergitur
863 934 957 1017 unda,

212 1057 305 1118 quam
328 1057 386 1102 sua
408 1038 461 1120 qui
484 1036 611 1102 tumidis
633 1037 783 1102 bracchia
804 1036 901 1102 lassat
923 1038 1023 1120 aquis.⁴

169 1160 224 1204 cur
247 1160 306 1223 ego
330 1140 459 1223 concepi
482 1139 640 1224 Scythicis
661 1160 713 1206 me
736 1160 829 1225 posse
851 1160 958 1206 carere

211 1242 327 1307 finibus
350 1248 381 1306 et
403 1248 486 1306 terra
508 1244 703 1328 prosperiore
726 1243 808 1308 frui?

169 1365 224 1409 cur
245 1342 364 1428 aliquid
387 1343 427 1408 de
449 1364 500 1410 me
522 1345 648 1429 speravi
671 1345 773 1410 lenius
794 1345 958 1428 unquam?

211 1469 253 1512 an
276 1447 402 1512 fortuna
423 1447 500 1512 mihi
522 1448 569 1513 sic
590 1469 663 1513 mea
684 1455 760 1517 nota
782 1448 863 1515 fuit?

168 1557 312 1634 torqueor
334 1571 374 1617 en
395 1551 535 1634 gravius,
558 1553 754 1636 repetitaque
777 1552 878 1618 forma
899 1552 1036 1618 locorum

212 1654 357 1719 exsilium
379 1661 511 1719 renovat
533 1654 622 1723 triste
644 1674 819 1737 recensque
841 1654 925 1720 iacit.

169 1764 345 1823 esttamen
370 1757 486 1836 utilius,
510 1757 647 1822 studium
669 1777 811 1824 cessasse
834 1778 983 1841 meorum,

212 1879 315 1940 quam,
340 1879 417 1940 quas
439 1858 605 1940 admorint,
629 1880 692 1924 non
715 1860 852 1927 valuisse
874 1880 992 1945 preces.

169 1981 287 2044 magna
308 1959 435 2042 quidem
458 1980 508 2025 res
531 1968 589 2042 ost,
613 1974 708 2044 quam
731 1982 794 2026 non
817 1961 950 2044 audetis,
974 1964 1082 2031 amici:

212 2061 268 2127 sed
292 2063 389 2144 siquis
411 2069 541 2147 peteret,
566 2064 620 2145 qui
642 2064 718 2128 dare
741 2065 845 2146 veliet,
870 2072 945 2141 erat.

169 2165 336 2230 dummodo
359 2184 422 2229 non
445 2165 618 2232 nobishoc
641 2167 786 2232 Caesaris
807 2169 855 2235 ira
876 2169 1009 2253 negarit,

212 2267 332 2332 fortiter
353 2268 488 2332 Euxinis
510 2268 720 2334 immoriemur
742 2271 842 2353 aquis.

424 2508 460 2579 4.
488 2511 698 2583 ttcotctutut
720 2516 777 2581 tos
800 2512 947 2583 dtttttcs.

470 2620 527 2704 cn
550 2622 621 2685 cnon
643 2623 750 2704 fetidos
770 2625 898 2704 ducunt.)

169 2783 359 2866 Conquerar,
382 2804 425 2849 an
446 2784 592 2850 mosam?
614 2802 731 2869 ponam
755 2785 823 2852 sine
845 2786 973 2853 nomine
996 2787 1134 2869 crimen,

210 2905 251 2950 an
274 2893 392 2969 notum,
416 2887 470 2968 qui
493 2887 545 2968 sis,
569 2887 715 2955 omnibus
739 2909 808 2954 esse
831 2889 950 2955 velim?

168 2988 294 3053 nominc
316 3009 379 3054 non
402 2996 482 3073 utar,
505 3010 546 3056 ne
568 2991 788 3057 commendere
811 2992 946 3074 querela,

211 3099 439 3176 quaeraturque
461 3093 519 3159 tibi
542 3094 680 3159 carmine
700 3080 789 3159 'sama
811 3114 889 3160 meo.

168 3191 243 3255 dum
266 3214 338 3257 mea
360 3195 475 3279 puppis
498 3202 565 3261 erat
587 3196 695 3263 valida
717 3196 850 3262 fundata
872 3197 989 3278 carina,

213 3296 265 3376 qui
288 3316 412 3362 mecum
434 3299 533 3364 velles
556 3319 688 3381 currere,
711 3302 832 3384 primus
855 3320 933 3364 eras.

169 3417 262 3478 nunc,
286 3399 360 3479 quia
383 3402 540 3466 contraxit
561 3403 682 3467 vultum
705 3404 855 3484 Fortuna,
878 3402 1009 3484 recedis,

212 3500 330 3566 auxilio
352 3509 518 3585 postquam
541 3504 604 3569 scis
626 3525 704 3589 opus
727 3525 797 3570 esse
819 3511 881 3570 tuo.

170 3599 348 3668 dissimulas
370 3605 464 3669 ctiam
486 3626 546 3671 nec
568 3627 619 3671 me
642 3608 690 3673 vis
712 3627 806 3673 nosse
829 3607 939 3688 videri,

213 3704 345 3788 quisque
367 3708 417 3788 sit,
439 3707 547 3773 audito
569 3711 705 3792 nomine,
728 3711 825 3791 Naso,
849 3729 950 3794 rogas.
