2934 4117
244 154 304 218 108
641 169 874 242 illotomorplpolcu.

241 343 405 408 concilium
428 340 601 426 Graiosque
623 349 728 427 patros
751 343 867 425 adiere,
890 343 1072 427 darentque,

240 466 378 529 oravere,
402 445 506 528 deum,
530 447 584 529 qui
605 467 756 531 praesens
778 447 891 512 funera
910 448 1015 532 gentis

240 549 331 613 finiat
345 549 526 629 Ausoniae3
550 556 652 615 certas
673 550 719 613 ita
741 549 846 615 dicere
868 556 976 616 sortes.

240 651 373 718 dissidet
395 658 426 717 ct
447 653 549 718 variat
570 654 741 738 seutentia;
764 673 900 738 parsque
921 653 1102 737 negandum
1152 690 1155 695 ·

241 775 304 819 non
326 761 417 839 putat
438 756 601 837 auxilium,
624 757 713 820 multi
735 757 870 821 retinere
892 776 1045 839 suamque

185 924 187 927 .
241 877 304 922 non
327 858 470 927 emittere
492 878 584 943 opem
607 878 667 924 nec
688 858 820 923 numina
841 858 965 924 tradere
987 859 1130 926 suadent.

242 958 317 1025 dum
339 960 494 1043 dubitant,
517 982 619 1028 seram
641 963 791 1047 pepulere
814 963 996 1046 crepuscula
1016 963 1128 1027 lucem.

242 1066 415 1147 umbraque
437 1066 555 1130 telluris
576 1067 724 1131 tenebras
747 1064 915 1130 induxerat
936 1066 1014 1148 orbi,

243 1187 314 1232 eum
336 1166 414 1233 deus
435 1168 469 1232 in
492 1168 610 1234 somnis
631 1168 733 1252 opifer
756 1168 926 1234 consistere
948 1169 1034 1235 visus

242 1276 316 1336 ante
338 1277 434 1352 tuum,
457 1273 608 1354 Romane,
631 1278 743 1354 torum,
767 1271 823 1338 sed
846 1272 946 1355 qualis
968 1273 1001 1337 iu
1024 1272 1103 1339 aede

243 1393 313 1439 esse
335 1374 423 1456 solet,
445 1375 655 1456 baculumque
677 1380 790 1440 tenens
812 1381 936 1459 agreste
959 1374 1086 1440 sinistra

243 1477 412 1542 caesariem
435 1478 550 1562 longae
572 1476 686 1542 dextra
707 1476 864 1544 deducere
886 1480 1004 1543 barbae

243 1585 275 1644 et
295 1579 419 1664 placido
440 1580 520 1645 tales
543 1580 685 1645 emittere
706 1587 833 1665 pectore
855 1602 963 1647 rocos:

243 1677 336 1768 ‘pone
358 1689 477 1768 metus3
500 1684 625 1748 veniam
648 1684 876 1767 simulacraque
897 1692 1005 1750 nostra
1026 1688 1211 1769 relinquam.

242 1786 328 1851 hunc
350 1786 442 1852 modo
465 1793 653 1871 serpentem,
676 1788 823 1852 baculum
846 1788 908 1871 qui
921 1789 1057 1854 nexibus
1079 1791 1187 1871 ambit,

243 1889 387 1973 perspice
410 1895 441 1954 et
462 1909 562 1972 usque
584 1897 660 1955 nota
681 1890 762 1972 visu,
785 1897 820 1955 u't
843 1911 1030 1974 cognoscere
1052 1893 1161 1976 possis.

244 1998 349 2057 vertar
369 1992 403 2056 in
426 1992 518 2074 huno,
541 1991 598 2057 sed
619 1993 719 2059 maior
741 2012 793 2058 ero
816 1999 984 2076 tantusque
1007 1993 1146 2077 videbor,

243 2095 450 2178 inquantum
473 2095 553 2160 verti
576 2094 725 2160 caelestia
747 2114 876 2179 corpora
899 2092 1038 2162 debent.³

244 2197 403 2281 extemplo
425 2217 496 2262 oum
519 2218 596 2263 voce
619 2197 706 2278 deus,
730 2217 801 2263 cum
824 2218 901 2263 voce
923 2198 1046 2282 deoque
1096 2216 1099 2220 ’

243 2320 371 2367 somnus
393 2301 460 2365 abit
482 2300 645 2383 somnique
667 2301 776 2384 fugam
798 2302 854 2365 lux
876 2303 960 2366 alma
982 2310 1089 2368 secuta
1112 2311 1167 2369 est.

243 2411 368 2489 postera
390 2403 528 2469 sidereos
549 2424 662 2468 aurora
683 2405 850 2489 fugaverat
871 2405 975 2489 ignes:

243 2508 364 2588 incerti,
387 2507 463 2589 quid
484 2514 590 2591 agant,
613 2527 758 2592 proceres
779 2507 821 2573 ad
843 2509 961 2593 templa
982 2506 1071 2594 petiti

243 2611 431 2695 perveniunt
452 2630 584 2695 operosa
604 2610 666 2692 dei,
690 2631 814 2694 quaque
836 2611 905 2696 ipse
927 2613 1040 2676 morari

243 2714 319 2779 sede
341 2713 427 2795 velit,
450 2714 550 2798 signis
573 2715 761 2781 caelestibus
784 2715 911 2796 iudicet,
934 2718 1032 2782 orant.

245 2818 298 2882 vix
321 2819 404 2883 bene
426 2816 595 2899 desierant,
619 2838 690 2882 cum
713 2817 815 2883 cristis
838 2838 951 2884 aureus
973 2820 1045 2884 altis

244 2921 276 2984 in
298 2926 444 3004 serpente
466 2919 544 2985 deus
565 2920 754 3004 praenuntia
776 2921 869 2986 sibila
891 2922 976 2987 misit

242 3022 444 3106 adventuque
466 3043 522 3088 suo
544 3023 733 3107 signumque
756 3043 889 3106 arasque
912 3025 1057 3108 foresque

244 3146 512 3209 marmoreumque
535 3127 633 3190 solum
655 3126 845 3211 fastigiaque
867 3148 963 3193 aurea
985 3127 1083 3193 movit

244 3229 483 3313 pectoribusque
505 3236 596 3294 tenus
618 3228 723 3294 media
745 3230 886 3296 sublimis
907 3230 941 3296 in
963 3231 1043 3296 aede

243 3331 381 3396 constitit
402 3337 497 3414 atque
520 3332 625 3398 oculos
648 3331 836 3397 circumtulit
858 3333 933 3413 igne
956 3333 1117 3400 micantes.

244 3435 351 3499 territa
372 3435 464 3501 turba
484 3442 589 3519 pavet.
621 3436 769 3520 coguovit
792 3437 921 3500 numina
944 3443 1046 3504 castos

244 3536 386 3603 evinctus
409 3538 489 3604 vitta
510 3538 612 3603 crines
634 3539 762 3604 albente
785 3539 932 3606 sacerdos

244 3644 275 3703 et
297 3630 386 3704 ‘deus
409 3641 462 3705 ent
486 3639 564 3705 deus
587 3642 641 3706 en!
664 3642 779 3708 animis
800 3642 979 3727 linguisque
1002 3644 1118 3727 favete,

245 3739 386 3821 quisquis
407 3737 495 3807 ades’
517 3741 612 3826 dixit,
635 3734 699 3823 ‘sis,
722 3764 742 3808 o
764 3743 982 3829 pulcherrime,
1005 3746 1092 3812 visus
