2934 4117
280 148 343 212 170
612 163 726 233 dicqicrr:
745 165 795 218 ΙΙΙ.
815 164 975 234 dicacitates.

279 358 347 420 uec,
370 339 423 420 qui
444 337 598 402 detrectat
619 337 808 421 praesentia,
831 338 925 402 Livor
946 338 1053 419 iniquo

321 441 418 505 ullum
441 437 481 504 de
503 440 618 505 nostris
641 438 736 505 dente
758 439 924 505 momordit
946 460 1033 524 opus.

278 563 353 608 nam
374 542 503 631 tulerint
525 563 657 627 magnos
680 563 750 607 curn
774 544 900 608 saecula
921 551 1028 608 nostra
1050 549 1169 626 poetas,

321 666 385 711 non
407 646 466 711 fuit
487 646 614 730 ingenio
637 646 723 710 fama
745 646 884 730 maligna
905 666 984 712 meo.
1449 704 1450 731 ,

279 769 412 832 cumque
435 769 494 833 ego
516 758 708 834 praeponam
730 750 806 814 mihi
829 750 952 831 multos,
975 770 1038 815 non
1060 750 1162 814 minor
1183 749 1245 815 illis

257 909 259 912 a
322 851 408 918 dicor
430 853 515 918 etin
538 859 602 918 toto
624 853 777 938 plurimus
798 853 992 937 orbelegor.
1320 872 1370 920 120
1449 880 1450 883 ¹

280 954 384 1039 siquid
405 955 524 1021 habent
545 956 641 1039 igitur
662 962 770 1021 vatum
792 956 959 1040 praesagia
981 956 1057 1038 veri,

322 1059 464 1143 protinus
486 1065 521 1123 ut
542 1060 665 1140 moriar,
689 1078 752 1123 non
775 1078 837 1139 erc,
860 1065 952 1139 terra,
977 1065 1064 1125 tuus.

280 1161 348 1226 sive
369 1162 477 1227 favore
500 1163 556 1227 tuli
578 1163 646 1227 sive
668 1162 751 1226 hanc
773 1181 831 1245 ego
853 1162 991 1226 carmine
1013 1162 1131 1226 famam

323 1265 399 1347 iure,
422 1265 480 1331 tibi
501 1272 615 1351 grates,
638 1263 773 1331 candide
795 1266 901 1346 lector,
924 1285 992 1350 ago.

625 1444 656 1515 9.
679 1447 737 1515 Zao
759 1448 809 1515 oia
831 1446 962 1516 dottio.

282 1573 402 1657 Ecquid
424 1575 479 1640 ubi
501 1594 519 1639 e
541 1575 641 1640 Ponto
663 1593 746 1639 nova
768 1574 857 1638 venit
879 1573 1022 1658 epistula,
1045 1574 1152 1658 palles,

324 1684 356 1743 et
376 1678 435 1744 tibi
455 1678 590 1744 sollicita
611 1677 741 1743 solvitur
762 1677 817 1741 illa
838 1677 956 1742 manu?

281 1801 364 1865 pone
385 1787 520 1846 metum:
543 1781 648 1866 valeo;
673 1799 856 1864 corpusque,
880 1779 962 1863 quod
985 1786 1059 1844 ante
1080 1779 1221 1845 laborum

323 1884 492 1968 impatiens
513 1884 605 1950 nobis
626 1883 862 1965 invalidumque
883 1884 952 1964 fuit,
1037 1874 1040 1877 “

282 1987 398 2052 sufficit
418 1994 514 2070 atque
536 1987 604 2071 ipso
626 1993 777 2052 vexatum
799 1985 939 2051 induruit
961 2007 1028 2053 usu.

324 2111 365 2155 arr
389 2090 489 2173 magis
511 2089 633 2155 infirmo
655 2110 719 2154 non
741 2096 834 2154 vacat
856 2109 925 2155 esse
947 2089 1045 2153 mihi?

283 2214 372 2258 meus
393 2201 498 2258 tamen
521 2213 618 2276 aegra
640 2192 721 2258 iacet
743 2213 802 2258 nec
824 2199 964 2276 ternpore
986 2193 1097 2259 robora
1119 2192 1260 2275 sumpsit,

325 2296 529 2378 adfectusque
550 2297 658 2377 animi,
681 2296 735 2379 qui
756 2296 816 2360 fuit
837 2303 921 2377 ante,
943 2303 1058 2361 manet.

283 2420 426 2483 quaeque
448 2420 535 2465 mora
556 2399 721 2484 spatioque
743 2419 799 2465 suo
822 2399 941 2464 coitura
962 2399 1071 2483 putavi

325 2503 465 2584 vulnera,
488 2522 551 2567 nou
573 2502 666 2566 aliter
688 2522 782 2584 quam
804 2502 897 2567 modo
918 2501 1003 2566 facta
1024 2502 1138 2566 dolent.
1329 2523 1362 2571 10

284 2604 402 2670 scilicet
425 2604 548 2688 exiguis
570 2603 698 2689 prodest
719 2624 841 2670 annosa
862 2611 1016 2670 vetustas:

325 2708 499 2793 grandibus
521 2707 675 2783 accedunt
696 2715 836 2791 tempore
858 2707 975 2772 damna
997 2708 1095 2774 maiis.

283 2831 385 2897 paene
408 2809 515 2877 decem
539 2811 612 2876 totis
633 2810 712 2876 aluit
733 2810 902 2876 Poeantius
924 2811 1017 2876 anuis

325 2913 509 3000 pestiferum
531 2913 650 2978 tumido
672 2915 786 2979 vulnus
807 2914 849 2978 ab
870 2933 975 2998 angue
997 2913 1113 2978 datum.

282 3018 440 3102 Telephus
461 3023 591 3082 aeterua
613 3024 815 3101 consumptus
837 3018 911 3082 tabe
933 3018 1073 3101 perisset,

326 3121 353 3186 si
374 3140 447 3201 nou,
471 3140 551 3202 quae
572 3120 688 3200 nocuit,
712 3119 825 3184 dextra
847 3120 970 3185 tulisset
991 3140 1092 3205 opem.

284 3231 315 3290 et
336 3244 417 3305 mea,
440 3224 467 3289 si
489 3224 612 3289 facinus
634 3224 753 3289 nullum
775 3223 994 3305 commisimus,
1018 3231 1100 3308 opto,

325 3329 457 3394 vulnera
478 3326 532 3409 qui
553 3326 638 3408 fecit,
660 3327 746 3392 iacta
767 3328 872 3392 levare
895 3327 987 3410 velit,

284 3436 511 3512 contentusque
532 3430 595 3495 mci
617 3430 681 3494 iam
704 3428 832 3494 taudem
853 3436 944 3513 parte
967 3428 1080 3496 doloris

328 3534 475 3618 exiguum
498 3533 592 3617 pleno
615 3533 655 3598 de
677 3553 763 3597 mare
786 3532 892 3597 demat
913 3553 1023 3615 aquae.

285 3634 429 3700 detrahat
450 3640 485 3699 ut
506 3635 648 3717 multum,
672 3637 804 3701 multum
825 3637 956 3702 restabit
978 3636 1093 3717 acerbi,

328 3756 463 3818 parsque
485 3758 574 3801 meae
596 3759 718 3821 poenae
742 3739 836 3804 totius
858 3740 957 3805 instar
980 3740 1045 3804 erit.
