2934 4117
557 182 580 234 8.
599 177 840 259 r&clbltbioqropbtc

185 351 264 417 haec
287 358 334 417 est
356 351 522 416 armiferae
544 351 633 416 festis
655 349 695 416 de
718 351 855 434 quinque
877 352 1048 433 Minervae,

229 475 309 537 qnae
331 454 400 520 fieri
421 475 529 539 pugna
551 454 652 539 prima
675 461 804 519 cruenta
826 456 913 520 solet.

186 558 325 642 protinus
348 559 520 623 excolimur
542 557 642 622 teneri
665 578 801 640 curaque
822 558 962 641 parentis

228 661 309 726 imus
329 660 372 724 ad
393 660 535 745 insignes
557 661 643 726 urbis
665 662 706 725 ab
729 666 797 725 arte
819 661 910 726 viros.

185 765 282 830 frater
302 765 344 830 ad
367 765 525 848 eloquium
547 763 640 829 viridi
662 765 813 830 tendebat
835 764 876 829 ab
898 784 987 846 aevo,

228 868 320 933 fortia
342 868 467 934 verbosi
489 875 582 932 natus
604 865 646 931 ad
667 887 756 931 arma
777 866 845 932 fori.

185 970 316 1036 etmihi
338 971 402 1035 iam
424 990 521 1055 puero
544 970 693 1035 caelestia
715 990 805 1035 sacra
826 970 1005 1054 placebant,

228 1074 323 1156 inque
346 1092 436 1138 sunm
458 1072 565 1137 furtim
587 1073 677 1139 Musa
699 1071 845 1137 trahebat
866 1093 953 1157 opus.

186 1196 281 1261 saepe
303 1181 394 1261 pater
415 1175 497 1240 dixit
519 1173 666 1240 ‘studium
690 1175 766 1257 quid
788 1175 898 1240 inutile
920 1179 1078 1260 temptas?

93 1270 99 1280 ’
228 1278 410 1344 Maeonides
431 1279 534 1343 nullas
556 1278 624 1362 ipse
646 1278 771 1360 reliquit
793 1281 888 1362 opes?

188 1388 288 1447 motus
311 1401 395 1445 eram
419 1379 511 1447 dictis
533 1386 660 1463 totoque
682 1381 833 1446 Helicone
856 1381 963 1447 relicto

229 1485 365 1550 scribere
387 1485 581 1568 temptabam
603 1485 702 1550 verba
723 1484 825 1549 soluta
847 1484 962 1550 modis:

186 1594 297 1672 sponte
320 1607 377 1652 sna
399 1606 524 1652 carmen
548 1607 696 1652 numeros
716 1586 867 1652 veniebat
888 1587 929 1653 ad
952 1593 1056 1672 aptos3

229 1688 376 1774 quicquid
398 1691 592 1775 temptabam
615 1690 762 1771 scribere,
784 1710 894 1756 versus
916 1698 991 1757 erat.

187 1794 307 1858 interea
329 1793 424 1857 tacito
446 1813 541 1877 passu
563 1794 743 1860 labentibus
765 1794 858 1859 annis

229 1896 356 1961 liberior
375 1895 464 1960 fratri
487 1902 613 1979 sumpta
634 1895 773 1977 mihique
796 1902 871 1979 toga
893 1903 955 1981 est;

187 1998 387 2080 induiturque
409 1999 525 2063 umeris
548 2017 618 2062 cum
641 1999 704 2064 lato
725 2019 865 2084 purpura
887 1998 986 2080 clavo,

230 2109 261 2166 et
283 2100 421 2166 studium
442 2101 543 2181 nobis,
566 2099 650 2183 quod
671 2101 731 2168 luit
753 2109 837 2183 ante,
861 2110 975 2167 manet.

188 2205 314 2287 iamque
335 2203 445 2268 decem
469 2205 553 2269 vitae
575 2204 911 2289 fruter·geminaverat
932 2225 1042 2286 annos,

231 2308 413 2391 comperit,
437 2312 468 2372 et
491 2307 580 2392 coepi
602 2314 692 2392 parte
715 2327 824 2373 carere
844 2309 915 2373 mei.

187 2412 328 2496 cepimus
350 2417 382 2476 et
403 2416 532 2475 tenerae
553 2410 673 2495 primos
694 2411 809 2477 aetatis
831 2410 974 2491 honores,

229 2513 332 2598 deque
354 2515 430 2580 viris
453 2513 612 2596 quondam
634 2534 708 2599 pars
731 2514 831 2580 tribus
854 2535 918 2579 una
940 2513 994 2579 fui.

188 2618 274 2682 curia
294 2617 448 2682 restabat:
473 2616 554 2681 clavi
576 2637 724 2682 mensura
747 2625 855 2682 coacta
877 2624 938 2702 est;

230 2721 331 2785 maius
354 2727 421 2784 erat
443 2720 557 2785 nostris
580 2720 698 2785 viribus
720 2718 797 2784 illud
819 2739 907 2785 onus.

187 2843 248 2887 nec
269 2824 393 2907 patiens
417 2842 537 2905 corpus,
561 2841 621 2887 nec
642 2842 733 2887 mens
756 2823 816 2887 fuit
837 2829 912 2906 apta
935 2822 1043 2902 labori,

230 2926 444 3008 sollicitaeque
465 2926 565 3009 fugax
588 2925 769 2990 ambitionis
791 2945 885 2990 eram.

189 3037 220 3093 ct
241 3035 348 3112 petere
370 3027 491 3092 Aoniae
514 3027 691 3092 suadebant
712 3034 781 3092 tuta
803 3047 922 3093 sorores

231 3131 304 3212 otia,
328 3129 443 3195 iudicio
465 3151 589 3215 semper
610 3138 717 3195 amata
740 3151 818 3196 meo.

190 3234 338 3316 temporis
360 3233 443 3298 illins
466 3235 546 3298 colui
569 3233 696 3316 fovique
719 3239 839 3317 politas,

233 3342 369 3419 quotque
392 3334 524 3400 aderant
547 3343 646 3417 vates,
670 3338 763 3401 rebar
783 3335 895 3401 adesse
917 3335 1002 3402 deos.

190 3457 284 3521 saepe
307 3457 381 3503 suas
403 3439 545 3504 uolucres
568 3439 644 3522 legit
666 3438 743 3502 mihi
765 3438 913 3522 grandior
935 3458 1024 3517 aevo,

89 3524 92 3535 ¹
233 3560 375 3622 quaeque
398 3547 489 3606 nocet
511 3561 649 3625 serpens,
674 3561 755 3623 quae
777 3542 864 3607 iuuet
886 3542 994 3623 herba,
1017 3541 1129 3605 Macer.

191 3662 285 3727 saepe
307 3663 381 3708 suos
402 3644 511 3708 solitus
533 3644 665 3708 recitare
687 3644 868 3728 Propertius
890 3645 991 3727 ignes,
1231 3659 1264 3706 ro

233 3745 300 3809 iure
322 3743 462 3810 sodalicii
485 3746 538 3827 qui
561 3746 635 3810 mibi
659 3747 784 3811 iunctus
806 3753 883 3811 erat.
996 3788 1000 3797 ·
