2934 4117
280 158 342 221 172
611 174 725 245 blectent
744 174 794 230 ΙΙΙ.
814 173 973 246 stlaqeliebet.

278 367 338 412 nec
359 328 430 413 mea
452 368 602 413 concessa
624 355 672 413 est
693 348 764 413 aliis
785 348 920 430 fortuna,
943 369 1002 416 nec
1025 349 1115 413 exsul

321 450 415 516 edicti
437 452 543 518 verbis
564 451 708 518 nominor
729 452 798 536 ipse
820 451 875 517 tui.

278 553 445 636 omniaque
467 554 546 620 haec
567 553 667 637 timui,
691 554 838 637 quoniam
861 554 1012 620 meruisse
1034 553 1174 619 videbar.

320 656 376 723 sed
398 663 454 722 tua
475 664 606 742 peccato
628 658 728 723 lenior
749 657 797 722 ira
818 677 888 723 meo
911 663 966 722 est.
1319 677 1352 725 oo

276 780 354 825 arva
375 761 548 843 relegatum
569 759 687 826 iussisti
709 761 812 826 visere
834 760 926 825 Ponti

255 897 257 900 ν
321 868 353 927 et
374 863 557 947 Scytbicum
580 863 714 948 profuga
736 861 880 929 scindere
902 883 1008 947 puppe
1029 861 1152 928 fretum.

277 965 380 1031 iussus
400 965 443 1030 ad
464 966 582 1032 Euxini
605 966 757 1032 deformia
778 966 870 1031 litora
891 967 965 1031 veui

319 1069 473 1151 aequoris.
497 1068 576 1134 baec
597 1069 702 1154 gelido
724 1076 807 1134 terra
829 1069 886 1134 sub
909 1088 971 1133 axe
993 1068 1083 1134 iacet.

277 1191 336 1237 nec
357 1192 408 1237 me
430 1178 495 1237 tam
518 1172 636 1238 cruciat
657 1192 819 1255 uunquam
842 1173 911 1237 sine
933 1171 1050 1254 frigore
1073 1172 1195 1236 caelum
1319 1193 1353 1241 es

318 1273 495 1358 glaebaque
517 1275 641 1340 canenti
665 1294 790 1360 semper
810 1276 924 1340 obusta
944 1274 1028 1358 gelu,

277 1376 445 1459 nesciaque
467 1384 516 1443 est
536 1377 623 1443 vocis
644 1377 728 1460 quod
749 1378 884 1443 barbara
904 1376 1014 1460 lingua
1034 1377 1175 1458 Latinae,

319 1479 476 1563 Graiaque
498 1479 581 1563 quod
604 1480 713 1546 Getico
735 1480 820 1546 vieta
840 1480 964 1562 loquela
985 1499 1061 1545 sono
1084 1486 1145 1544 est:

276 1601 370 1664 quam
393 1581 477 1664 quod
497 1582 629 1648 finitimo
651 1583 774 1648 cinctus
794 1602 917 1667 premor
939 1580 1077 1664 undique
1099 1583 1199 1646 Marte

318 1685 437 1768 vixque
457 1686 564 1752 brevis
586 1692 670 1752 tutos
691 1706 798 1751 murus
819 1687 860 1751 ab
884 1685 972 1750 hoste
994 1685 1078 1750 iacit.
1320 1709 1354 1757 ro

276 1807 340 1871 pax
362 1793 469 1853 tamur
490 1788 648 1854 interdum
670 1796 727 1869 est,
750 1789 838 1872 pacis
858 1786 973 1853 fiducia
994 1808 1164 1871 nunquam.

319 1890 365 1955 sic
386 1890 438 1955 bic
459 1912 543 1956 nune
564 1891 690 1975 patitur,
714 1912 798 1956 nuno
820 1891 909 1956 timet
930 1911 1018 1956 arma
1039 1891 1134 1956 locus.

276 1992 350 2058 hinc
372 2013 431 2077 ego
453 1993 528 2058 dum
549 2002 659 2076 muter,
682 1995 733 2060 vel
755 2014 806 2060 me
827 1995 984 2060 Zanclaea
1005 1994 1183 2078 Charybdis

320 2094 451 2162 devoret
472 2103 567 2178 atque
590 2098 655 2164 suis
676 2098 717 2163 ad
741 2098 842 2182 Styga
863 2099 967 2163 mittat
988 2098 1088 2180 aquis,

208 2218 219 2229 ’
276 2199 328 2263 vel
349 2198 479 2284 rapidae
500 2199 635 2266 flammis
657 2222 729 2265 urar
749 2202 906 2285 patienter
927 2201 959 2265 in
982 2202 1113 2281 Aetnae,
1320 2224 1353 2273 ‘15

320 2302 372 2367 vel
393 2302 475 2368 freta
496 2303 646 2368 Leucadii
668 2306 776 2368 mittar
796 2305 829 2368 in
851 2305 916 2368 alta
938 2303 1002 2369 dei!

277 2404 362 2488 quod
383 2405 528 2489 petimus,
551 2426 654 2491 poena
676 2414 737 2471 est:
761 2426 864 2489 neque
886 2407 969 2471 enim
991 2407 1086 2476 miser
1101 2427 1170 2472 esse
1186 2427 1304 2490 recuso,

320 2508 377 2575 sed
398 2528 517 2594 precor,
541 2516 575 2575 ut
596 2510 713 2594 possim
734 2510 832 2576 tutius
854 2530 923 2577 esse
946 2511 1047 2576 miser.

541 2680 592 2760 10.
614 2693 681 2761 §tat
703 2695 789 2776 lette
811 2696 867 2761 tas
889 2693 1041 2777 batque.

278 2819 337 2883 Illa
357 2818 426 2884 dies
447 2817 527 2884 haec
549 2825 606 2901 est,
630 2841 692 2902 qua
713 2828 745 2886 te
768 2821 925 2886 celebrare
946 2827 1116 2905 poetae,-

321 2922 348 2987 si
370 2921 462 2988 modo
484 2943 547 2987 non
570 2922 682 2987 fallunt
704 2931 845 3007 tempora
860 2961 902 2970 -
916 2923 1049 3005 Bacche,
1074 2924 1174 2988 solent

278 3025 422 3107 festaque
444 3024 581 3091 odoratis
603 3026 768 3091 innectunt
789 3034 930 3111 tempora
952 3027 1042 3092 sertis

323 3134 354 3193 et
376 3127 484 3193 dicunt
506 3128 615 3194 laudes
637 3128 678 3192 ad
700 3136 755 3194 tua
778 3130 853 3194 vina
875 3137 953 3195 tues.

279 3232 360 3296 inter
383 3251 469 3314 quos,
492 3231 629 3312 memini,
653 3232 727 3296 dum
750 3252 801 3298 me
823 3252 894 3297 mea
916 3232 982 3297 fato
1004 3233 1159 3314 sinebant,
1339 3257 1358 3305 s

321 3354 385 3398 non
407 3333 511 3399 invisa
532 3334 590 3400 tibi
612 3355 686 3419 pars
707 3355 767 3418 ego
789 3355 884 3418 saepe
906 3336 961 3417 fui,

280 3456 372 3518 quem
395 3457 480 3502 nunc
501 3438 695 3522 suppositum
718 3438 816 3503 stellis
837 3438 1082 3522 Erymanthidos
1104 3439 1203 3504 Ursae

322 3538 429 3603 iuncta
451 3545 538 3605 tenet
560 3541 663 3606 erudis
685 3542 836 3607 Sarmatis
857 3562 912 3607 ora
934 3542 1052 3608 Getis'

281 3639 396 3721 quique
418 3643 504 3725 prius
525 3644 649 3708 mollem
671 3664 866 3727 vacuamque
888 3645 1046 3710 laboribus
1069 3644 1119 3729 egi

323 3740 357 3804 in
378 3740 490 3809 studiis
513 3745 611 3809 vitam
633 3746 853 3830 Pieridumque
876 3747 978 3829 choro,
