2934 4117
562 209 668 264 Versus
687 210 866 265 memoriales.
1149 200 1176 255 X
1181 200 1228 260 IX

199 385 249 451 30.
274 386 376 451 Omne
399 383 469 448 tulit
491 390 651 467 puuctum,
676 383 729 464 qui
752 382 876 446 miscuit
898 382 973 447 utile
997 381 1088 447 dulci.
1169 389 1171 392 ’

198 491 248 552 31.
273 489 337 552 Aut
358 487 508 571 prodesse
530 487 649 566 volunt,
673 492 728 549 aut
750 484 908 550 delectare
929 494 1050 570 poetae.

198 592 248 655 32.
274 592 422 656 Carmina
444 609 601 655 secessum
624 587 792 653 scribentis
815 595 846 653 et
868 588 931 653 otia
953 594 1115 670 quaerunt.

200 694 250 757 33.
274 694 466 777 Scriptorum
490 692 602 757 chorus
625 691 726 756 omnis
749 697 835 754 amat
856 710 967 755 nemus
983 697 1014 753 et
1027 690 1110 774 fugit
1124 691 1225 757 urbes,

200 796 249 860 34.
274 795 347 861 Otia
369 815 481 879 corpus
502 796 599 874 alunt,
622 794 746 859 animus
770 813 892 875 quoque
915 794 1053 876 pascitur
1075 793 1146 858 illis.

199 900 250 966 35.
274 901 383 964 Donec
406 899 467 964 eris
489 918 607 981 sospes,
631 898 745 963 multos
767 896 947 961 numerabis
970 898 1094 961 amicos.

198 1003 249 1067 36.
274 1003 393 1067 Horrea
415 1001 563 1067 formicae
585 999 719 1064 tendunt
741 997 782 1064 ad
804 1000 912 1063 inania
932 1019 1102 1081 nunquam.

199 1105 250 1170 37.
274 1105 424 1169 Passibus
445 1104 601 1187 ambiguis
623 1104 749 1167 fortuna
771 1102 917 1166 volubilis
939 1109 1029 1166 errat.

200 1206 251 1271 38.
276 1205 541 1289 Quadrupedante
564 1210 686 1290 putrem
706 1206 810 1270 souitu
825 1205 926 1286 quatit
940 1205 1059 1288 ungula
1074 1226 1226 1289 campum.

200 1310 250 1372 39.
274 1309 324 1373 Illi
349 1309 431 1373 inter
453 1328 522 1373 sese
544 1329 661 1391 magna
682 1308 715 1372 vi
737 1306 886 1372 bracchia
908 1308 1029 1371 tollunt.

199 1412 251 1476 40.
276 1410 427 1487 Quamvis
439 1410 501 1476 sint
512 1410 570 1475 sub
583 1430 675 1493 aqua,
691 1412 749 1476 sub
761 1431 845 1493 aqua
860 1409 1047 1474 maledicere
1063 1418 1226 1495 temptant.

514 1665 517 1672 ·
616 1642 657 1706 Il·
682 1644 813 1727 biliam

224 1824 250 1885 1.
276 1824 328 1887 Nil
350 1824 394 1887 ita
416 1823 549 1889 sublime
573 1831 620 1888 est
642 1843 800 1907 supraque
822 1823 960 1907 pericula
982 1824 1092 1907 tendit,

318 1947 381 1992 non
404 1929 443 1992 sit
465 1934 500 1991 ut
521 1927 652 1993 inferius
674 1928 932 2012 suppositumque
954 1927 1022 1993 deo.

222 2030 250 2092 2.
277 2029 377 2095 Crede
400 2028 491 2093 mihi:
514 2029 638 2095 miseris
661 2031 810 2095 caelestia
832 2032 962 2095 numina
983 2039 1125 2115 parcunt,

315 2152 375 2196 nec
397 2151 520 2215 semper
542 2133 644 2198 laesos
667 2140 699 2196 et
721 2134 790 2197 sine
812 2132 875 2198 fine
897 2140 1052 2218 premunt.

221 2234 251 2299 3.
275 2234 329 2298 Nu
351 2233 431 2299 adeo
453 2235 707 2318 fortuna-‘gravis
730 2235 908 2300 miserabile
929 2236 1014 2316 fecit,

319 2343 353 2399 ut
375 2338 518 2404 minuant
539 2339 625 2402 nulla
646 2337 765 2423 gaudia
786 2346 874 2423 parte
896 2340 1020 2403 malum.

221 2442 251 2504 4.
276 2438 345 2515 Quo
368 2439 508 2522 quisquis
531 2441 639 2522 maior,
662 2441 764 2525 magis
787 2449 834 2505 est
856 2441 1018 2526 placabilis
1040 2442 1114 2523 irae,

320 2549 352 2607 et
373 2542 482 2607 faciles
505 2550 606 2609 motus
629 2564 718 2609 mens
741 2565 896 2630 generosa
918 2546 1010 2629 capit.

221 2644 251 2709 5.
278 2645 427 2730 Confugit
448 2647 606 2712 interdum
629 2647 738 2732 templi
760 2648 892 2713 violator
913 2647 954 2711 ad
977 2669 1073 2731 amm,

320 2768 379 2813 nec
401 2761 509 2833 petere
531 2750 643 2814 offensi
666 2751 805 2815 numinis
827 2749 933 2816 horret
955 2771 1056 2836 opem.

222 2852 252 2914 6.
278 2849 391 2915 Omnia
414 2858 487 2916 sunt
509 2852 670 2917 hominum
694 2854 780 2917 tenui
802 2852 974 2937 pendentia
994 2853 1056 2935 filo,

320 2960 352 3019 et
373 2955 476 3019 subito
499 2974 583 3036 casu,
607 2975 688 3037 quae
710 2957 847 3037 valuere,
870 2965 972 3021 ruunt.

222 3056 252 3121 7.
277 3054 391 3120 Omnia
412 3055 575 3121 deficiunt:
599 3058 722 3122 animus
746 3064 850 3122 tamen
874 3060 978 3124 omnia
1000 3059 1105 3139 vincit,

320 3158 371 3223 ille
394 3159 488 3223 etiam
511 3158 595 3224 vires
617 3179 728 3244 corpus
751 3160 867 3225 habere
891 3162 975 3225 facit,

220 3259 251 3324 8.
277 3259 397 3341 Cernis,
421 3267 455 3326 ut
477 3261 627 3344 ignavum
650 3271 850 3344 corrumpunt
871 3264 935 3327 otia
958 3283 1078 3346 corpus

321 3369 355 3427 ut
377 3364 504 3447 capiant
526 3364 646 3446 vitium,
670 3365 704 3428 ni
726 3372 921 3443 moveantur,
945 3385 1054 3446 aquae.

219 3466 252 3531 9.
276 3465 411 3547 Fertilis,
434 3465 566 3532 adsiduo
589 3467 615 3533 si
637 3488 701 3531 non
724 3473 892 3532 renovetur
913 3475 1024 3546 aratro,

320 3568 365 3631 nil
386 3568 449 3633 nisi
471 3589 541 3633 cum
565 3571 663 3653 spinis
685 3591 816 3653 gramen
839 3570 969 3635 habebit
992 3589 1074 3654 ager.

198 3670 252 3734 10.
278 3669 379 3735 Crede
401 3671 492 3736 mihi:
516 3675 599 3738 bene
622 3672 675 3755 qui
697 3673 798 3752 latuit,
821 3675 903 3739 bene
926 3672 1015 3753 vixit,
1040 3678 1071 3735 et
1093 3673 1174 3737 intra

321 3771 476 3837 fortunam
500 3773 594 3840 debet
617 3774 750 3856 quisque
773 3795 901 3840 manere
923 3795 1021 3839 suam.

1095 3877 1128 3926 b*
