2934 4117
515 169 556 221 26.
575 165 679 234 unroco
698 166 749 220 nob
770 165 881 235 hanua.

185 346 281 422 utque
302 339 409 405 hebeti
432 345 543 425 pectus
564 338 781 404 tantummodo
805 337 945 403 contudit
966 337 1039 403 ictu.

227 436 321 508 ‘Nate
343 443 413 524 dea,
436 463 511 507 nam
532 448 564 507 te
586 443 672 507 fama
694 435 936 526 praenovimus'
957 442 1059 523 inquit

185 546 247 627 ille,
269 539 357 628 ‘quid
378 565 398 609 a
419 545 510 610 nobis
533 546 646 610 vulnus
668 544 791 610 miraris
813 542 957 610 abessel‘
981 582 1023 591 -

185 647 356 713 mirabatur
379 647 462 712 enim
485 685 527 694 -
551 641 623 713 ‘non
647 648 735 728 haec,
760 668 854 731 quam
877 648 988 729 cernis,
1013 646 1134 730 equinis
1227 667 1261 714 oo

185 750 273 815 fulva
293 748 376 816 iubis
398 750 496 815 cassis
518 770 621 832 neque
644 770 731 831 onus,
756 770 836 816 cava
858 770 976 833 parma,
999 750 1145 815 sinistrae

185 852 304 918 auxilio
326 852 404 917 mihi
426 859 512 917 sunt:
536 851 631 918 decor
652 859 701 918 est
724 854 884 936 quaesitus
906 853 947 917 ab
969 853 1047 917 istis.

185 957 270 1020 Mars
285 974 408 1038 quoque
423 956 462 1021 ob
479 955 539 1022 hoo
554 975 667 1041 capere
682 976 771 1020 arma
785 955 873 1021 solet.
896 955 1107 1021 removebitur
1122 953 1214 1020 huius

186 1057 333 1141 tegminis
356 1056 511 1122 officium:
534 1064 641 1123 tamen
663 1058 865 1125 indestrictus
888 1058 991 1124 abibo.

187 1167 235 1225 est
256 1159 375 1242 ahquid
397 1180 462 1225 non
484 1180 553 1226 esse
576 1168 678 1226 satum
700 1160 852 1243 Neretde,
875 1160 933 1226 sed
955 1162 1006 1244 qui
1229 1178 1262 1229 so

185 1264 352 1345 Nereaque
374 1268 407 1328 et
427 1269 519 1330 natas
541 1271 573 1329 et
595 1271 694 1329 toturn
716 1271 871 1349 temperat
894 1260 1030 1348 aequor?

186 1365 268 1430 dixit
290 1371 321 1430 et
343 1364 510 1431 haesurum
533 1366 626 1452 clipei
648 1368 830 1433 curvamine
851 1368 948 1432 telum

187 1468 272 1533 misit
293 1467 327 1532 in
349 1467 526 1554 Aeneidem
549 1468 633 1553 quod
656 1476 688 1535 et
709 1489 765 1535 aes
788 1476 819 1535 et
840 1471 985 1554 proxima
1007 1471 1090 1554 rupit

186 1578 276 1655 terga
297 1591 422 1637 novena
444 1573 549 1652 boum,
573 1572 694 1637 decimo
717 1579 823 1639 tamen
846 1574 922 1638 orbe
944 1580 1098 1638 moratum
1121 1581 1177 1637 est.

187 1672 307 1738 excutit
328 1672 389 1739 hoc
410 1673 503 1739 heros
524 1695 693 1756 rursusque
716 1675 882 1740 trementia
904 1675 976 1741 forti
1229 1696 1262 1743 tc

187 1777 249 1841 tela
270 1797 366 1841 manu
388 1777 490 1842 torsit:
513 1798 621 1843 rursus
643 1779 711 1844 sine
733 1779 863 1844 vulnere
887 1798 998 1863 corpus

187 1879 404 1962 sincerumque
426 1879 495 1945 fuit.
533 1900 593 1946 neo
614 1881 706 1945 tertia
729 1882 834 1966 cuspis
855 1889 998 1966 apertum

188 1988 219 2046 et
241 2001 276 2047 se
297 1984 502 2066 praebentem
524 1984 623 2049 valuit
644 1984 840 2068 destringere
863 1985 1014 2068 Cycnum.
1071 2038 1086 2055 f

186 2082 273 2149 haud
295 2104 385 2150 secus
408 2085 535 2167 exarsit,
559 2107 652 2169 quam
676 2087 758 2153 circo
780 2094 887 2152 taurus
908 2094 1027 2171 aperto,

188 2207 259 2251 cum
281 2205 338 2251 sua
359 2188 490 2252 terribili
511 2189 592 2273 petit
612 2189 786 2253 imitamina
809 2210 913 2271 cornu,

187 2288 354 2374 poeniceas
375 2297 490 2371 vestes,
514 2292 662 2374 elusaque
683 2293 816 2357 vulnera
837 2292 942 2358 sentit.

188 2412 264 2456 num
286 2399 391 2457 tamen
415 2391 568 2458 exciderit
590 2395 716 2475 ferrum,
741 2394 926 2477 considerat,
961 2395 1086 2460 hastae:

188 2494 339 2560 haerebat
360 2495 455 2578 ligno.
491 2487 613 2563 ‘manus
635 2503 684 2563 est
705 2517 777 2561 mea
800 2496 912 2562 debilis
935 2517 1009 2581 ergo

189 2591 340 2679 quasque‘
361 2597 407 2661 ait
428 2591 514 2663 ‘ante
535 2598 646 2664 habuit
667 2599 761 2680 vires,
785 2598 896 2665 effudit
917 2600 950 2664 in
972 2599 1083 2664 unul.

188 2719 263 2763 nam
285 2704 369 2764 certe
391 2700 487 2782 valui,
509 2701 561 2766 vel
584 2721 654 2767 cum
676 2702 832 2785 Lyrnesia
854 2703 973 2786 primus

187 2801 312 2866 moenia
334 2801 444 2884 deieci,
467 2804 519 2869 vel
541 2825 611 2869 cum
633 2804 847 2888 Tenedonque
870 2825 988 2887 suoque

187 2903 355 2970 Eetioneas
375 2905 505 2989 implevi
527 2908 682 2991 sanguine
703 2908 840 2990 Thebas,

187 3005 239 3070 vel
261 3026 332 3071 cum
353 3027 528 3092 purpureus
550 3010 692 3094 populari
715 3010 813 3075 caede
837 3011 949 3077 (laicus

187 3107 280 3173 fluxit
301 3128 442 3194 opusque
464 3131 554 3176 meae
576 3112 626 3178 bis
649 3113 747 3179 sensit
768 3113 926 3198 Telephus
949 3112 1067 3178 hastae.

187 3209 239 3274 hic
262 3231 384 3295 quoque
405 3220 452 3278 tot
474 3215 584 3296 caesis,
608 3237 737 3298 quorum
759 3236 816 3300 per
837 3216 911 3282 litus
932 3236 1061 3281 acervos

188 3318 221 3376 et
241 3312 303 3378 leci
325 3321 357 3380 et
378 3315 482 3399 video,
504 3304 604 3383 valuit
625 3339 696 3384 mea
718 3320 833 3385 dextra
853 3313 1021 3400 valetque.³

230 3414 320 3480 Dixit
343 3424 384 3499 et,
407 3425 483 3484 ante
505 3421 584 3485 actis
606 3422 704 3487 veluti
725 3423 807 3486 male
830 3421 980 3502 crederet,
1003 3421 1126 3485 hastam

126 3557 130 3561 -
188 3516 274 3583 misit
295 3518 329 3583 in
351 3519 519 3587 adversum
541 3524 642 3607 Lycia
664 3524 704 3589 de
726 3525 818 3610 plebe
840 3525 1006 3590 Menoeten

188 3619 377 3706 loricamque
400 3625 492 3690 simul
514 3628 717 3711 subiectaque
739 3636 866 3715 pectora
887 3629 980 3713 rupit.

188 3740 252 3804 quo
274 3725 446 3810 plangente
467 3750 598 3812 gravem
619 3730 806 3797 moribundo
828 3739 953 3815 pectore
991 3749 1092 3795 ernam

208 3860 212 3868 ·
239 3831 451 3889 morawa
464 3837 557 3891 cauo.
580 3839 847 3896 (armachorae.)
1047 3835 1062 3883 o
