2934 4117
523 194 547 246 3.
567 190 636 259 ttinlt
654 192 706 247 ont
725 191 781 261 jen.

138 362 272 444 septima
294 363 349 426 lux
371 363 458 428 venit
479 384 543 428 non
568 363 748 428 exhibitura
770 370 963 447 sequentem,
986 402 1029 413 —

181 470 213 529 et
234 466 340 530 stabat
360 485 460 531 vacuo
482 467 544 531 iam
567 467 625 531 tibi
642 469 747 550 *Parca
769 469 835 532 colo
858 506 901 515 —

137 586 198 630 nec
218 573 326 632 tamen
348 568 464 653 ignavo
486 575 671 654 stupuerunt
693 571 791 635 verba
813 571 932 655 palato:

181 670 328 735 clamavit
350 672 486 737 moriens
507 673 617 757 lingua
638 665 796 754 ‘Corinna
814 668 917 738 valel‘

138 773 216 837 colle
237 776 296 839 snb
317 774 427 857 Elysio
449 775 541 857 nigra
563 796 673 841 nemus
695 776 766 841 ilice
787 776 922 858 frondet,

180 874 306 958 udaque
327 884 478 961 perpetuo
500 878 643 962 gramine
664 884 748 943 terra
769 880 863 946 viret:

136 979 227 1060 siqua
247 977 327 1044 fides
349 978 463 1061 dubiis,
485 981 646 1045 volucrum
667 982 753 1047 locus
775 982 827 1046 ille
849 983 970 1066 piarum

181 1081 302 1165 dieitur,
325 1082 481 1149 obscenae
504 1103 564 1166 qno
587 1082 791 1168 prohibentur
813 1105 902 1170 aves3

138 1184 202 1249 illic
223 1185 350 1250 innocui
373 1186 435 1250 late
457 1193 629 1270 pascuntur
650 1187 750 1253 olores

181 1293 213 1352 et
234 1287 332 1353 vivax
354 1289 503 1372 phoenix,
527 1290 621 1355 unica
643 1310 767 1374 semper
788 1291 871 1377 avis3

139 1390 277 1474 explicat
297 1391 368 1475 ipsa
389 1411 462 1457 suas
484 1393 550 1457 ales
571 1393 705 1458 Iunonia
726 1393 850 1479 pinnas,

180 1493 287 1559 osenla
309 1493 363 1558 dat
385 1494 498 1578 cupido
521 1495 638 1560 blanda
660 1496 805 1561 columba
826 1498 914 1562 mari.

137 1596 290 1680 psittacus
310 1595 370 1662 has
389 1596 472 1662 inter
493 1599 643 1663 nemorali
665 1598 742 1664 sede
764 1606 908 1683 receptus

181 1699 334 1764 convertit
356 1699 499 1765 volucres
520 1701 553 1765 in
576 1721 634 1766 sua
655 1701 755 1767 rerba
776 1702 854 1785 pias.

137 1822 210 1867 ossa
231 1802 310 1887 tegit
331 1803 478 1884 tumulus,
500 1803 637 1868 tumulus
659 1823 715 1888 pro
738 1824 866 1889 corpore
888 1825 1032 1888 magnus,

181 1924 243 1987 quo
264 1905 345 1989 lapis
368 1905 501 1989 exiguus
522 1926 581 1989 par
602 1906 663 1972 sibi
686 1926 813 1972 carmen
835 1906 944 1972 habet:

137 2001 286 2092 ‘Colligor
308 2027 349 2072 ex
371 2008 441 2092 ipso
463 2007 608 2074 dominae
630 2009 786 2093 placuisse
809 2010 963 2094 sepulcrm

180 2130 236 2175 ora
257 2110 344 2176 fuere
366 2111 444 2175 mihi
466 2112 537 2195 plus
557 2130 618 2177 ave
640 2111 733 2176 docta
754 2107 861 2194 loqui.>

486 2291 517 2361 3.
541 2293 629 2374 diat
649 2296 716 2362 cot
738 2295 816 2377 icet.

136 2422 218 2485 Tom
241 2440 311 2485 oum
333 2440 432 2503 regna
454 2440 552 2486 senex
576 2421 655 2486 cacli
676 2421 830 2487 Saturnus
851 2421 992 2505 haberet,

180 2522 414 2603 omnelucmm
436 2523 575 2589 tenebris
596 2524 662 2588 alta
683 2524 847 2608 premebat
868 2525 995 2592 humus:

136 2645 273 2708 aeraque
296 2631 327 2691 et
348 2632 514 2709 argentum
537 2646 670 2708 cumque
691 2646 769 2691 auro
789 2626 931 2712 pondera
952 2628 1026 2693 ferri

180 2729 326 2795 manibus
348 2728 499 2811 admonet,
523 2730 671 2812 nullaque
693 2749 799 2794 massa
820 2729 888 2794 fuit.

136 2837 170 2899 at
191 2831 320 2896 meliora
342 2830 452 2916 dabat3
475 2851 572 2897 curvo
592 2831 660 2897 sine
682 2851 809 2896 vomere
830 2831 938 2916 fruges

180 2953 335 3018 pomaque
358 2933 444 2999 etin
467 2954 583 3016 quercu
605 2935 699 2999 mella
720 2940 846 3018 reperta
868 2955 954 3000 cava.

136 3057 197 3102 neo
218 3036 323 3103 valido
346 3036 511 3120 quisquam
533 3043 648 3103 terram
670 3036 835 3105 scindebat
856 3044 969 3119 aratro,

181 3139 328 3222 signabat
349 3140 435 3205 nullo
457 3141 555 3206 limite
577 3160 703 3206 mensor
724 3139 864 3222 humum,

137 3262 200 3307 non
223 3241 304 3307 freta
326 3243 462 3310 demisso
483 3244 651 3310 verrebant
673 3250 763 3310 eruta
783 3263 880 3325 remo,

180 3345 291 3410 ultima
311 3345 434 3410 mortali
457 3352 523 3411 tum
545 3346 599 3411 via
619 3347 694 3412 litus
716 3353 792 3412 erat.

137 3455 248 3514 contra
268 3453 300 3513 te
322 3449 440 3530 sollers,
462 3448 625 3515 hominnm
647 3456 770 3531 natura,
793 3448 880 3515 fuisti

182 3556 214 3614 et
235 3550 366 3615 nimium
389 3551 513 3617 damnis
534 3552 700 3635 ingeniosa
721 3553 792 3618 tuis.

137 3672 201 3736 quo
222 3653 290 3734 tibi,
313 3655 430 3720 turritis
452 3640 613 3739 incingere
635 3656 799 3721 moenibus
821 3655 938 3721 nrbes?

182 3775 244 3837 qno
266 3756 333 3837 tibi,
357 3756 516 3824 discordes
538 3756 655 3824 addere
677 3761 710 3823 in
732 3779 821 3823 arma
842 3762 975 3823 manns?
