2934 4117
404 196 425 247 1.
444 191 585 261 aaronem
604 206 637 246 uu
657 189 738 259 detor
756 189 935 246 deuuuuicus.

153 364 276 431 venerit
297 363 417 429 insitio:
441 364 494 429 fac
515 383 637 429 ramum
659 383 765 430 ramus
785 362 923 448 adoptet,

108 543 110 546 Α
196 472 319 550 stetque
341 467 516 552 peregrinis
537 467 629 533 arbor
650 473 760 552 operta
782 467 886 533 comis.

419 787 473 862 ΙΙ.
509 788 602 865 tius
635 789 711 865 deu
747 787 911 885 autres.

333 1016 364 1088 1.
386 1019 561 1101 wiomado
585 1035 628 1086 uu
650 1019 754 1101 ditur
776 986 1007 1088 dormundos.

153 1190 309 1274 Tempora
332 1209 403 1255 cum
425 1189 528 1255 causis
548 1189 674 1255 Latium
696 1187 821 1273 digesta
842 1208 898 1272 per
919 1208 1038 1253 aunum

197 1292 348 1375 lapsaque
370 1293 427 1358 sub
451 1298 549 1358 terras
571 1298 701 1375 ortaque
722 1292 816 1376 signa
838 1312 958 1357 canam.

156 1395 269 1480 excipe
291 1401 413 1480 pacato,
437 1396 555 1462 Caesar
577 1395 774 1478 Germanice,
797 1396 886 1462 vultu

151 1532 153 1535 v
197 1497 358 1582 hocopus
381 1504 413 1563 ct
434 1498 563 1564 timidae
586 1498 687 1584 dirige
709 1499 801 1564 navis
821 1499 889 1582 iter,

155 1601 330 1684 officioque,
353 1602 457 1668 levem
479 1623 543 1669 non
564 1608 728 1669 aversatus
750 1602 911 1684 honorem,

198 1703 271 1769 huic
294 1704 351 1770 tibi
373 1704 487 1771 devoto
509 1706 638 1770 numine
661 1705 772 1771 dexter
794 1706 879 1771 ades.

156 1827 246 1873 saera
267 1827 473 1891 recognosces
496 1809 663 1874 annalibus
686 1815 776 1874 eruta
797 1808 917 1893 priscis,

199 1915 231 1975 et
254 1929 315 1992 quo
338 1910 379 1976 sit
400 1912 511 1976 merito
534 1930 678 1993 quaeque
700 1916 810 1976 notata
832 1910 908 1977 dies.

155 2013 300 2079 invenies
321 2013 386 2079 illic
407 2019 439 2080 et
461 2014 543 2080 festa
565 2013 739 2079 domestica
760 2014 864 2080 vobis:

199 2137 295 2201 saepe
317 2117 375 2184 tibi
397 2124 487 2202 pater·
509 2123 566 2199 est,
590 2137 686 2202 saepe
707 2116 862 2200 legendus
883 2137 970 2184 avus.

156 2240 299 2303 quaeque
320 2220 426 2285 ferunt
447 2220 492 2285 illi
513 2221 615 2305 pictos
637 2221 797 2304 signantia
818 2219 925 2302 fastos,

199 2327 232 2387 tu
255 2342 378 2405 quoque
401 2344 471 2388 eum
493 2324 596 2390 Druso
620 2324 762 2408 praemia
783 2324 881 2390 fratre
902 2324 993 2389 feres.

156 2425 300 2491 Caesaris
323 2446 411 2490 arma
433 2432 549 2491 canant
570 2426 634 2508 alii,
657 2445 715 2492 nos
739 2425 883 2494 Caesaris
905 2446 986 2508 aras,

200 2535 231 2593 et
253 2548 465 2612 quoscumque
488 2531 586 2596 saeris
607 2528 730 2594 addidit
752 2530 804 2595 ille
827 2528 904 2594 dies.

155 2630 261 2697 adnue
283 2632 409 2697 conanti
431 2653 488 2716 per
508 2632 618 2699 laudes
639 2634 686 2698 ire
708 2639 841 2714 tuorum,

198 2733 301 2816 deque
322 2754 393 2798 meo
415 2734 549 2819 pavidos
571 2741 684 2801 excute
708 2734 802 2803 corde
824 2742 934 2802 metus.

155 2837 197 2901 da
218 2836 296 2901 mihi
317 2841 349 2902 te
371 2837 543 2921 placidum:
566 2837 691 2904 dederis
712 2838 747 2903 in
770 2839 909 2904 carmina
930 2839 1021 2905 vires.

198 2940 362 3024 ingenium
384 2940 473 3006 vultu
496 2946 619 3024 statque
641 2941 787 3025 caditque
809 2947 872 3007 tuo.

155 3043 274 3126 pagina
294 3042 445 3108 iudicium
467 3043 551 3108 docti
572 3044 714 3110 subitura
735 3049 878 3109 movetur

198 3145 359 3230 principis,
381 3151 416 3210 ut
439 3146 541 3213 Olario
563 3147 661 3213 missa
681 3146 818 3231 legenda
840 3145 909 3212 deo.

156 3248 300 3330 quaesit
323 3249 406 3314 enim
429 3249 503 3314 culti
526 3249 675 3321 facundia
697 3250 853 3316 sensimus
875 3250 945 3332 oris,

199 3351 300 3417 civica
321 3371 377 3437 pro
401 3352 531 3436 trepidis
553 3373 623 3418 cum
647 3354 716 3419 tulit
738 3375 827 3418 arma
848 3354 919 3420 reis.

156 3454 271 3519 scimus
294 3460 335 3538 et,
358 3454 400 3520 ad
422 3462 547 3522 nostras
569 3476 640 3521 cum
663 3462 695 3522 te
716 3457 787 3521 tulit
808 3457 944 3540 impetus
966 3463 1059 3537 artes,

199 3556 319 3641 ingenii
340 3565 465 3623 currant
487 3558 617 3624 flumina
639 3565 757 3642 quauta
779 3558 833 3625 tui.

157 3657 184 3723 si
206 3658 280 3725 licet
302 3666 334 3725 et
356 3661 405 3727 fas
427 3668 484 3743 est,
507 3668 597 3734 vates
619 3682 694 3747 rege
716 3663 799 3729 vatis
820 3663 971 3742 habenas,

199 3763 339 3846 auspicio
361 3764 438 3829 felix
462 3772 544 3831 totus
566 3771 601 3831 ut
622 3784 725 3830 annus
748 3772 807 3831 eat.

1120 174 1177 237 121
