2934 4117
431 163 470 215 11.
496 159 604 228 blatteus
622 159 675 215 rub
694 158 865 215 bubrouubo.

138 333 217 397 nolle
239 330 406 413 videretur,
430 352 545 397 nomen
567 338 731 415 terraeque
754 351 917 415 suumque,

138 443 314 519 quantaque
335 441 497 501 maternae
518 434 613 501 fuerit
634 433 750 501 fiducia
770 434 899 517 formae,

137 537 261 604 indicat.
286 545 317 604 et
339 538 477 605 nondum
500 538 679 605 memoratis
700 539 846 605 omnibus
866 537 953 604 unda

136 640 281 723 insonuit,
304 641 498 724 veniensque
519 641 672 709 immenso
693 641 787 707 belua
808 647 904 726 ponto
995 683 996 688 κ

136 744 276 810 imminet
299 751 331 810 et
351 746 450 810 latum
472 747 530 811 sub
552 751 679 830 pectore
700 743 840 830 possidet
860 765 987 828 aequor.

137 848 310 913 conclamat
332 849 435 933 virgo,
458 849 582 934 genitor
603 848 744 933 lugubris
767 855 798 914 et
819 868 884 913 una

136 957 235 1016 mater
256 950 356 1033 adest,
378 952 472 1016 ambo
493 951 610 1034 miseri,
632 950 690 1018 sed
710 952 822 1017 iustius
843 951 905 1016 illa.

135 1074 194 1120 nec
216 1074 323 1121 secum
345 1054 507 1136 auxilinm,
531 1055 587 1121 sed
609 1055 723 1141 dignos
746 1062 885 1139 tempore
906 1053 999 1120 fletus
1179 1071 1213 1120 ao

135 1158 380 1242 plangoremque
402 1156 508 1223 ferunt
529 1158 698 1242 vinctoque
719 1158 753 1222 in
776 1177 906 1243 corpore
927 1156 1110 1238 adhaerent,

136 1280 207 1325 oum
229 1260 276 1326 sic
296 1260 413 1345 hospes
434 1261 493 1325 ait:
517 1255 725 1327 ‘lacrimarum
747 1262 843 1345 longa
863 1280 992 1325 manere

136 1371 279 1449 tempora
297 1382 353 1429 vos
372 1370 531 1448 poterunt:
552 1363 594 1428 ad
609 1384 700 1448 opem
716 1363 822 1429 brevis
837 1364 914 1429 bora
928 1362 1091 1428 ferendam
1107 1368 1163 1427 est.

135 1466 220 1531 hanc
242 1486 301 1551 ego
323 1465 350 1532 si
371 1472 511 1551 peterem
533 1469 676 1549 Perseus,
698 1468 783 1532 Iovis
805 1467 913 1531 inclita
934 1467 1047 1551 proles,

136 1568 292 1653 Gorgonis
314 1570 519 1655 anguicomae
541 1571 675 1636 Perseus
697 1576 858 1655 superator
881 1576 913 1634 et
933 1569 993 1634 alis
1179 1588 1212 1637 aa

135 1672 238 1737 a'e'rias
259 1692 356 1738 ausus
377 1672 501 1739 iactatis
522 1673 568 1738 ire
589 1693 646 1758 per
668 1693 771 1753 auras,

135 1774 312 1858 praeferrer
335 1775 456 1841 cunctis
478 1782 562 1842 certe
584 1796 691 1861 gener.
714 1775 833 1841 addere
855 1775 953 1841 tantis

135 1877 263 1944 dotibus
286 1884 317 1943 et
339 1875 495 1960 meritum,
517 1877 648 1944 faveant
668 1878 762 1945 modo
783 1879 923 1960 numina,
947 1884 1079 1962 tempto:

136 1987 171 2045 ut
193 2001 267 2045 mea
288 1982 329 2047 sit
350 1989 476 2047 servata
497 2002 569 2047 mea
591 1982 716 2063 virtute,
739 1977 902 2065 paciscor.²

134 2084 297 2168 accipiunt
317 2084 420 2167 legem
444 2122 484 2131 -
507 2084 577 2165 quis
599 2085 683 2149 euim
706 2084 886 2150 dubitaret?
909 2122 951 2131 -
974 2091 1004 2148 et
1027 2090 1118 2148 orant
1180 2105 1214 2153 so

134 2185 386 2270 promittuntque
408 2206 502 2271 super
523 2207 655 2271 regnum
677 2186 781 2252 dotale
803 2192 959 2271 parentes.

179 2290 264 2354 Eece
285 2289 371 2354 velut
393 2289 484 2356 navis
505 2289 647 2374 praefixo
670 2290 792 2354 concita
813 2296 912 2355 rostro

134 2392 240 2457 sulcat
260 2410 369 2474 aquas,
392 2391 541 2457 iuvenum
565 2391 751 2458 sudantibus
772 2399 844 2457 acta
867 2392 1001 2473 lacertis,

135 2494 183 2559 sie
205 2494 275 2559 fera
297 2493 423 2560 dimotis
444 2494 579 2579 impulsu
602 2494 737 2580 pectoris
759 2494 852 2559 undis

134 2603 262 2662 tantum
284 2597 394 2663 aberat
416 2598 560 2682 scopulis,
584 2604 734 2681 quantum
757 2598 920 2662 Balearica
943 2605 1022 2664 torto

134 2699 240 2764 funda
261 2706 364 2783 potest
385 2700 513 2784 plumbo
536 2700 632 2765 medii
654 2701 866 2766 transmittere
889 2702 981 2766 caeli:

134 2821 211 2868 cum
234 2802 338 2867 subito
359 2803 482 2868 iuvenis
504 2802 639 2888 pedibus
660 2803 772 2869 tellure
795 2804 919 2888 repulsa

133 2904 256 2970 arduus
277 2905 312 2969 in
333 2905 434 2971 nubes
456 2906 542 2971 abiit.
567 2906 655 2970 utin
677 2926 812 2988 aequore
835 2926 955 2972 summo

132 3006 253 3072 umbra
273 3007 332 3072 viri
353 3007 423 3073 risa
445 3015 502 3089 est,
525 3009 626 3089 visam
647 3007 715 3073 fera
737 3009 840 3075 saevit
860 3009 892 3073 in
916 3011 1067 3074 umbram.

133 3116 238 3193 utque
259 3109 344 3175 Iovis
365 3131 507 3195 praepes,
530 3132 630 3177 vacuo
653 3131 724 3177 oum
745 3111 826 3177 vidit
847 3112 880 3176 in
903 3132 977 3176 arvo

131 3213 344 3298 praebentem
366 3213 494 3279 Phoebo
516 3215 648 3280 liventia
670 3222 759 3300 terga
781 3215 958 3295 draconem,

130 3323 273 3400 occupat
294 3336 450 3399 aversum,
474 3339 536 3383 neu
558 3339 655 3385 saeva
675 3325 855 3402 retorqueat
877 3338 940 3398 ora,

131 3419 348 3502 squamigeris
369 3419 479 3485 avidos
501 3420 570 3505 figit
593 3422 766 3487 cervicibus
788 3440 919 3505 ungues,

130 3521 181 3587 sic
207 3522 302 3587 celeri
324 3522 439 3588 missus
461 3544 613 3609 praeceps
634 3524 807 3609 perinane
829 3524 934 3587 volatu

130 3632 231 3710 terga
251 3624 339 3691 ferae
362 3628 476 3710 pressit
497 3626 671 3711 dextroque
693 3627 855 3692 frementis
876 3626 909 3690 in
932 3646 1018 3691 armo

129 3726 309 3794 Inachides
331 3729 448 3794 sermm
470 3751 565 3796 curvo
587 3738 678 3795 tenus
699 3729 823 3795 abdidit
845 3727 945 3793 hamo.

186 3844 404 3900 Dvitooutqetudblte
418 3847 511 3900 dlebldrte,
535 3849 572 3902 (dt.
586 3848 670 3902 atqup
684 3848 705 3891 lu
719 3848 808 3901 brioria)
996 3850 1012 3894 3
