2934 4117
574 226 598 278 b.
617 223 734 290 duritiis.

183 414 326 459 munere:
349 413 412 457 non
434 393 545 458 avidos
566 395 649 477 Styx
672 394 769 459 habet
790 394 854 457 ima
875 391 961 458 deos.

140 497 248 580 tegula
268 496 419 581 porrectis
442 496 518 561 satis
541 501 589 560 est
610 495 715 560 velata
737 495 859 560 coronis

183 605 216 664 et
237 617 363 683 sparsae
385 598 492 681 fruges
514 618 673 682 paruaque
695 598 778 662 mica
800 598 873 663 salis

140 702 236 784 inque
258 720 344 766 mero
366 701 484 765 mollita
500 701 602 767 ‘Ceres
624 701 788 782 violaeque
810 702 944 765 solutae:

183 804 262 869 haec
283 803 400 869 habeat
421 802 527 868 media
548 809 632 868 testa
652 804 761 868 relicta
783 803 843 866 via.
1065 884 1068 893 1

140 927 200 972 nec
221 907 340 971 maiora
361 912 443 988 veto,
466 904 522 970 sed
546 912 577 970 et
599 906 648 971 his
670 905 832 989 placabilis
855 907 967 970 umbra
989 912 1038 971 est

184 1010 266 1075 adde
288 1029 397 1095 preces
419 1010 529 1093 positis
551 1017 583 1074 et
605 1029 662 1074 sua
684 1011 783 1074 verba
804 1009 892 1075 focis.

141 1113 225 1178 hunc
246 1134 363 1178 morem
385 1114 520 1194 Aeneas,
543 1113 670 1198 pietatis
691 1111 823 1177 idoneus
845 1119 961 1194 auctor,

183 1217 287 1281 attulit
308 1217 341 1281 in
364 1222 472 1297 terras,
495 1216 576 1281 iuste
597 1216 719 1295 Latine,
743 1220 823 1280 tuas.

140 1320 192 1385 ille
214 1320 312 1404 patris
335 1319 434 1385 Genio
457 1319 619 1383 sollemnia
641 1319 724 1383 dona
746 1317 880 1383 ferebat:

183 1422 257 1487 hinc
278 1423 384 1506 popuii
407 1423 484 1487 ritus
506 1421 663 1487 edidicere
685 1422 762 1505 pios.

140 1533 174 1590 at
195 1526 363 1608 quondam,
386 1525 463 1590 dum
484 1525 580 1609 longa
601 1531 715 1610 gerunt
737 1524 933 1608 pugnacibus
956 1524 1050 1588 armis

183 1630 275 1710 bella,
298 1629 475 1713 parentales
498 1628 663 1694 deseruere
686 1628 762 1694 dies.

141 1752 204 1796 non
225 1731 354 1819 impune
376 1732 444 1795 fuit.
468 1750 542 1795 nam
565 1732 677 1796 dicitur
698 1731 802 1795 omine
825 1731 865 1794 ab
888 1729 948 1794 isto

182 1837 282 1900 Roma
303 1834 490 1900 suburbanis
512 1834 680 1899 incaluisse
703 1834 796 1917 rogis.

140 1937 195 2002 vix
218 1935 363 2019 equidem
386 1936 491 2001 credo:
515 1937 614 2002 bustis
638 1937 742 2002 exisse
764 1936 906 2001 feruutur

183 2046 215 2104 et
236 2039 350 2103 tacitae
373 2039 475 2121 questi
497 2046 637 2123 tempore
659 2041 759 2104 noctis
782 2040 843 2119 avi,

140 2163 258 2227 perque
279 2142 349 2207 vias
370 2143 456 2207 urbis
478 2143 646 2225 Latiosque
670 2144 805 2208 ululasse
827 2164 996 2229 peragras

182 2244 338 2311 deformes
359 2245 490 2327 animas,
514 2247 627 2328 vulgus
649 2247 754 2327 inane,
778 2245 891 2311 ferunt.

139 2353 211 2432 post
233 2367 271 2412 ea
293 2348 454 2431 praeteriti
476 2348 602 2413 tumulis
624 2347 796 2413 redduntur
817 2349 960 2432 hencres,

182 2450 394 2535 prodigiisque
416 2452 504 2515 venit
525 2451 750 2534 funeribusque
772 2451 892 2517 modus.

140 2553 215 2618 dum
237 2560 343 2618 tamen
365 2554 444 2618 haec
465 2554 553 2636 fiunt,
577 2554 690 2619 viduae
714 2561 835 2620 cessate
857 2558 994 2640 puellae:

183 2661 345 2740 exspectet
366 2676 460 2739 puros
481 2656 577 2741 pinea
599 2656 693 2722 taeda
714 2657 791 2723 dies.

140 2758 239 2824 conde
262 2766 341 2840 tuas,
365 2761 559 2843 Hymenaee,
583 2760 669 2826 faces
692 2767 723 2826 et
745 2764 785 2828 ab
809 2763 935 2847 ignibus
956 2765 1032 2830 atris

182 2861 283 2927 aufer!
307 2860 425 2926 habent
447 2862 525 2927 alias
547 2869 668 2928 maesta
690 2866 833 2948 sepulcra
855 2866 950 2932 faces.

138 2964 172 3029 di
193 2985 316 3047 quoque
337 2965 523 3048 templorum
544 2965 662 3032 foribus
684 2968 824 3033 celentur
844 2971 969 3054 opertis,

182 3074 250 3132 ture
272 3074 387 3132 vacent
409 3088 491 3149 arae,
515 3075 660 3152 stentque
683 3070 752 3135 sine
774 3072 848 3155 igne
870 3073 940 3137 foci.

139 3191 223 3236 nunc
245 3169 370 3234 animae
393 3177 503 3236 tenues
527 3178 559 3236 et
581 3192 711 3256 corpora
731 3173 841 3239 functa
863 3176 1013 3258 sepulcris

183 3278 297 3354 errant,
320 3293 405 3338 nuno
426 3274 527 3356 posito
549 3275 686 3358 pasoitur
708 3279 819 3343 umbra
842 3278 921 3344 cibo.

371 3528 402 3598 9.
426 3533 492 3600 bct
514 3530 567 3600 22.
591 3533 751 3603 sttruos
783 3535 934 3619 ducitis.

138 3684 287 3748 Proxima
309 3684 433 3766 cognati
457 3683 565 3749 dixere
588 3686 722 3751 Caristia
745 3689 818 3770 cari,

183 3791 215 3848 et
236 3784 324 3848 venit
345 3785 387 3848 ad
409 3786 509 3853 socios
532 3790 625 3853 turba
646 3788 823 3875 propinqua
845 3792 929 3858 deos.

983 3894 1013 3946 qb
