<?xml version="1.0" encoding="UTF-8"?>
<!DOCTYPE html PUBLIC "-//W3C//DTD XHTML 1.0 Transitional//EN"
    "http://www.w3.org/TR/xhtml1/DTD/xhtml1-transitional.dtd">
<html xmlns="http://www.w3.org/1999/xhtml" xml:lang="en" lang="en">
 <head>
  <title>
</title>
<meta http-equiv="Content-Type" content="text/html;charset=utf-8" />
  <meta name='ocr-system' content='tesseract 3.04.00' />
  <meta name='ocr-capabilities' content='ocr_page ocr_carea ocr_par ocr_line ocrx_word'/>
</head>
<body>
  <div class='ocr_page' id='page_1' title='image "ausgewhltegedic00sedlgoog_0191.png"; bbox 0 0 2934 4117; ppageno 0'>
   <div class='ocr_carea' id='block_1_1' title="bbox 523 190 1189 274">
    <p class='ocr_par' dir='ltr' id='par_1_1' title="bbox 523 190 1189 274">
     <span class='ocr_line' id='line_1_1' title="bbox 523 190 1189 274; baseline -0.011 -11"><span class='ocrx_word' id='word_1_1' title='bbox 523 211 547 263; x_wconf 89' lang='lat'>6.</span> <span class='ocrx_word' id='word_1_2' title='bbox 565 207 607 262; x_wconf 73' lang='lat' dir='ltr'>tta</span> <span class='ocrx_word' id='word_1_3' title='bbox 626 205 698 263; x_wconf 79' lang='lat' dir='ltr'>einen</span> <span class='ocrx_word' id='word_1_4' title='bbox 716 206 826 274; x_wconf 53' lang='lat' dir='ltr'>&amp;teano</span> <span class='ocrx_word' id='word_1_5' title='bbox 1128 190 1189 256; x_wconf 82' lang='lat'>163</span> 
     </span>
    </p>
   </div>
   <div class='ocr_carea' id='block_1_2' title="bbox 163 368 1238 2004">
    <p class='ocr_par' dir='ltr' id='par_1_2' title="bbox 164 368 1134 551">
     <span class='ocr_line' id='line_1_2' title="bbox 164 368 1134 465; baseline -0.003 -17"><span class='ocrx_word' id='word_1_6' title='bbox 164 391 283 448; x_wconf 93' lang='lat' dir='ltr'>utnon</span> <span class='ocrx_word' id='word_1_7' title='bbox 305 379 476 460; x_wconf 85' lang='lat' dir='ltr'><strong>debuerim,</strong></span> <span class='ocrx_word' id='word_1_8' title='bbox 499 385 606 445; x_wconf 87' lang='lat' dir='ltr'>tamen</span> <span class='ocrx_word' id='word_1_9' title='bbox 629 380 689 445; x_wconf 93' lang='lat' dir='ltr'>hoc</span> <span class='ocrx_word' id='word_1_10' title='bbox 711 400 770 465; x_wconf 79' lang='lat' dir='ltr'>ego</span> <span class='ocrx_word' id='word_1_11' title='bbox 793 380 916 445; x_wconf 87' lang='lat' dir='ltr'>crimen</span> <span class='ocrx_word' id='word_1_12' title='bbox 932 380 1071 446; x_wconf 86' lang='lat' dir='ltr'>habebo:</span> <span class='ocrx_word' id='word_1_13' title='bbox 1132 368 1134 371; x_wconf 33' lang='lat'>⁵</span> 
     </span>
     <span class='ocr_line' id='line_1_3' title="bbox 205 483 822 551; baseline -0.006 -1"><span class='ocrx_word' id='word_1_14' title='bbox 205 506 269 551; x_wconf 89' lang='lat' dir='ltr'>non</span> <span class='ocrx_word' id='word_1_15' title='bbox 291 484 351 548; x_wconf 86' lang='lat' dir='ltr'>fuit</span> <span class='ocrx_word' id='word_1_16' title='bbox 372 483 493 548; x_wconf 84' lang='lat' dir='ltr'>arbitrii</span> <span class='ocrx_word' id='word_1_17' title='bbox 514 483 619 548; x_wconf 84' lang='lat' dir='ltr'>littera</span> <span class='ocrx_word' id='word_1_18' title='bbox 639 489 747 548; x_wconf 87' lang='lat' dir='ltr'>nostra</span> <span class='ocrx_word' id='word_1_19' title='bbox 767 483 822 547; x_wconf 90' lang='lat' dir='ltr'>tui.</span> 
     </span>
    </p>

    <p class='ocr_par' dir='ltr' id='par_1_3' title="bbox 164 584 1054 772">
     <span class='ocr_line' id='line_1_4' title="bbox 164 584 1054 668; baseline -0.003 -15"><span class='ocrx_word' id='word_1_20' title='bbox 164 609 223 653; x_wconf 84' lang='lat' dir='ltr'>nec</span> <span class='ocrx_word' id='word_1_21' title='bbox 245 607 336 667; x_wconf 85' lang='lat' dir='ltr'>nova,</span> <span class='ocrx_word' id='word_1_22' title='bbox 361 584 444 668; x_wconf 86' lang='lat' dir='ltr'>quod</span> <span class='ocrx_word' id='word_1_23' title='bbox 466 592 570 650; x_wconf 88' lang='lat' dir='ltr'>tecum</span> <span class='ocrx_word' id='word_1_24' title='bbox 592 586 709 667; x_wconf 87' lang='lat' dir='ltr'>loquor,</span> <span class='ocrx_word' id='word_1_25' title='bbox 733 591 781 650; x_wconf 91' lang='lat' dir='ltr'>est</span> <span class='ocrx_word' id='word_1_26' title='bbox 802 585 917 650; x_wconf 89' lang='lat' dir='ltr'>iniuria</span> <span class='ocrx_word' id='word_1_27' title='bbox 938 592 1054 667; x_wconf 86' lang='lat' dir='ltr'>nostra,</span> 
     </span>
     <span class='ocr_line' id='line_1_5' title="bbox 206 688 925 772; baseline -0.004 -17"><span class='ocrx_word' id='word_1_28' title='bbox 206 688 370 755; x_wconf 88' lang='lat' dir='ltr'>incolumis</span> <span class='ocrx_word' id='word_1_29' title='bbox 392 709 463 753; x_wconf 89' lang='lat' dir='ltr'>cum</span> <span class='ocrx_word' id='word_1_30' title='bbox 479 708 547 769; x_wconf 92' lang='lat' dir='ltr'>quo</span> <span class='ocrx_word' id='word_1_31' title='bbox 570 708 665 772; x_wconf 81' lang='lat' dir='ltr'>saepe</span> <span class='ocrx_word' id='word_1_32' title='bbox 687 690 808 753; x_wconf 89' lang='lat' dir='ltr'>locutus</span> <span class='ocrx_word' id='word_1_33' title='bbox 830 708 925 754; x_wconf 86' lang='lat' dir='ltr'>eram.</span> 
     </span>
    </p>

    <p class='ocr_par' dir='ltr' id='par_1_4' title="bbox 164 790 1236 977">
     <span class='ocr_line' id='line_1_6' title="bbox 164 790 1236 876; baseline 0.002 -17"><span class='ocrx_word' id='word_1_34' title='bbox 164 814 224 876; x_wconf 90' lang='lat' dir='ltr'>quo</span> <span class='ocrx_word' id='word_1_35' title='bbox 246 811 376 858; x_wconf 83' lang='lat' dir='ltr'>vereare</span> <span class='ocrx_word' id='word_1_36' title='bbox 399 790 512 872; x_wconf 87' lang='lat' dir='ltr'>minus,</span> <span class='ocrx_word' id='word_1_37' title='bbox 536 810 576 855; x_wconf 91' lang='lat' dir='ltr'>ne</span> <span class='ocrx_word' id='word_1_38' title='bbox 598 791 657 857; x_wconf 91' lang='lat' dir='ltr'>sim</span> <span class='ocrx_word' id='word_1_39' title='bbox 679 791 737 856; x_wconf 91' lang='lat' dir='ltr'>tibi</span> <span class='ocrx_word' id='word_1_40' title='bbox 761 790 877 856; x_wconf 81' lang='lat' dir='ltr'>crimen</span> <span class='ocrx_word' id='word_1_41' title='bbox 900 792 1029 873; x_wconf 86' lang='lat' dir='ltr'>amicus,</span> <span class='ocrx_word' id='word_1_42' title='bbox 1204 813 1236 861; x_wconf 76' lang='lat' dir='ltr'>aa</span> 
     </span>
     <span class='ocr_line' id='line_1_7' title="bbox 206 892 965 977; baseline -0.004 -16"><span class='ocrx_word' id='word_1_43' title='bbox 206 894 369 975; x_wconf 78' lang='lat' dir='ltr'>inuidiam,</span> <span class='ocrx_word' id='word_1_44' title='bbox 393 893 483 974; x_wconf 89' lang='lat' dir='ltr'>siqua</span> <span class='ocrx_word' id='word_1_45' title='bbox 506 899 562 973; x_wconf 82' lang='lat' dir='ltr'>est,</span> <span class='ocrx_word' id='word_1_46' title='bbox 585 900 693 958; x_wconf 89' lang='lat' dir='ltr'>auctor</span> <span class='ocrx_word' id='word_1_47' title='bbox 714 892 832 958; x_wconf 84' lang='lat' dir='ltr'>habere</span> <span class='ocrx_word' id='word_1_48' title='bbox 854 899 965 977; x_wconf 87' lang='lat' dir='ltr'>potest.</span> 
     </span>
    </p>

    <p class='ocr_par' dir='ltr' id='par_1_5' title="bbox 164 995 1147 1183">
     <span class='ocr_line' id='line_1_8' title="bbox 164 995 1147 1081; baseline -0.002 -17"><span class='ocrx_word' id='word_1_49' title='bbox 164 1020 238 1064; x_wconf 89' lang='lat' dir='ltr'>nam</span> <span class='ocrx_word' id='word_1_50' title='bbox 261 1004 332 1061; x_wconf 89' lang='lat' dir='ltr'>tuus</span> <span class='ocrx_word' id='word_1_51' title='bbox 356 1001 404 1061; x_wconf 89' lang='lat' dir='ltr'>est</span> <span class='ocrx_word' id='word_1_52' title='bbox 425 995 535 1079; x_wconf 87' lang='lat' dir='ltr'>primis</span> <span class='ocrx_word' id='word_1_53' title='bbox 558 996 659 1060; x_wconf 91' lang='lat' dir='ltr'>cultus</span> <span class='ocrx_word' id='word_1_54' title='bbox 681 995 758 1059; x_wconf 91' lang='lat' dir='ltr'>mihi</span> <span class='ocrx_word' id='word_1_55' title='bbox 781 1016 905 1081; x_wconf 84' lang='lat' dir='ltr'>semper</span> <span class='ocrx_word' id='word_1_56' title='bbox 926 997 968 1060; x_wconf 89' lang='lat' dir='ltr'>ab</span> <span class='ocrx_word' id='word_1_57' title='bbox 990 997 1082 1062; x_wconf 91' lang='lat' dir='ltr'>annis</span> <span class='ocrx_word' id='word_1_58' title='bbox 1105 1035 1147 1044; x_wconf 91' lang='lat'>-</span> 
     </span>
     <span class='ocr_line' id='line_1_9' title="bbox 205 1098 862 1183; baseline -0.005 -18"><span class='ocrx_word' id='word_1_59' title='bbox 205 1102 265 1166; x_wconf 91' lang='lat' dir='ltr'>hoc</span> <span class='ocrx_word' id='word_1_60' title='bbox 288 1106 372 1164; x_wconf 90' lang='lat' dir='ltr'>certe</span> <span class='ocrx_word' id='word_1_61' title='bbox 394 1099 458 1163; x_wconf 91' lang='lat' dir='ltr'>noli</span> <span class='ocrx_word' id='word_1_62' title='bbox 479 1098 675 1163; x_wconf 88' lang='lat' dir='ltr'>dissimulare</span> <span class='ocrx_word' id='word_1_63' title='bbox 698 1136 741 1144; x_wconf 94' lang='grc'>-</span> <span class='ocrx_word' id='word_1_64' title='bbox 762 1105 862 1183; x_wconf 87' lang='lat' dir='ltr'>pater,</span> 
     </span>
    </p>

    <p class='ocr_par' dir='ltr' id='par_1_6' title="bbox 163 1201 1238 1391">
     <span class='ocr_line' id='line_1_10' title="bbox 163 1201 1191 1288; baseline -0.004 -18"><span class='ocrx_word' id='word_1_65' title='bbox 163 1204 388 1288; x_wconf 84' lang='lat' dir='ltr'>ingeniumque</span> <span class='ocrx_word' id='word_1_66' title='bbox 410 1221 514 1266; x_wconf 88' lang='lat' dir='ltr'>meum</span> <span class='ocrx_word' id='word_1_67' title='bbox 536 1239 579 1248; x_wconf 92' lang='lat'>-</span> <span class='ocrx_word' id='word_1_68' title='bbox 600 1208 690 1285; x_wconf 89' lang='lat' dir='ltr'>potes</span> <span class='ocrx_word' id='word_1_69' title='bbox 712 1201 771 1267; x_wconf 92' lang='lat' dir='ltr'>hoc</span> <span class='ocrx_word' id='word_1_70' title='bbox 793 1202 1191 1287; x_wconf 86' lang='lat' dir='ltr'>meminisse—probabat</span> 
     </span>
     <span class='ocr_line' id='line_1_11' title="bbox 206 1304 1238 1391; baseline 0.003 -20"><span class='ocrx_word' id='word_1_71' title='bbox 206 1307 278 1391; x_wconf 91' lang='lat' dir='ltr'>plns</span> <span class='ocrx_word' id='word_1_72' title='bbox 300 1305 404 1386; x_wconf 80' lang='lat' dir='ltr'>etiam,</span> <span class='ocrx_word' id='word_1_73' title='bbox 428 1324 522 1386; x_wconf 88' lang='lat' dir='ltr'>quam</span> <span class='ocrx_word' id='word_1_74' title='bbox 544 1325 595 1370; x_wconf 93' lang='lat' dir='ltr'>me</span> <span class='ocrx_word' id='word_1_75' title='bbox 616 1305 720 1370; x_wconf 90' lang='lat' dir='ltr'>iudice</span> <span class='ocrx_word' id='word_1_76' title='bbox 743 1304 857 1389; x_wconf 82' lang='lat' dir='ltr'>dignus</span> <span class='ocrx_word' id='word_1_77' title='bbox 880 1325 974 1371; x_wconf 84' lang='lat' dir='ltr'>eram.</span> <span class='ocrx_word' id='word_1_78' title='bbox 1204 1326 1238 1374; x_wconf 82' lang='lat' dir='ltr'>ao</span> 
     </span>
    </p>

    <p class='ocr_par' dir='ltr' id='par_1_7' title="bbox 165 1407 871 1595">
     <span class='ocr_line' id='line_1_12' title="bbox 165 1407 871 1492; baseline -0.001 -18"><span class='ocrx_word' id='word_1_79' title='bbox 165 1410 267 1492; x_wconf 88' lang='lat' dir='ltr'>deque</span> <span class='ocrx_word' id='word_1_80' title='bbox 290 1408 369 1474; x_wconf 89' lang='lat' dir='ltr'>meis</span> <span class='ocrx_word' id='word_1_81' title='bbox 390 1408 443 1471; x_wconf 92' lang='lat' dir='ltr'>illo</span> <span class='ocrx_word' id='word_1_82' title='bbox 466 1407 622 1472; x_wconf 83' lang='lat' dir='ltr'>referebat</span> <span class='ocrx_word' id='word_1_83' title='bbox 643 1409 786 1474; x_wconf 86' lang='lat' dir='ltr'>versibus</span> <span class='ocrx_word' id='word_1_84' title='bbox 808 1428 871 1490; x_wconf 89' lang='lat' dir='ltr'>ore,</span> 
     </span>
     <span class='ocr_line' id='line_1_13' title="bbox 207 1511 869 1595; baseline -0.006 -18"><span class='ocrx_word' id='word_1_85' title='bbox 207 1514 240 1577; x_wconf 93' lang='lat' dir='ltr'>in</span> <span class='ocrx_word' id='word_1_86' title='bbox 263 1532 324 1594; x_wconf 89' lang='lat' dir='ltr'>quo</span> <span class='ocrx_word' id='word_1_87' title='bbox 347 1531 420 1595; x_wconf 88' lang='lat' dir='ltr'>pars</span> <span class='ocrx_word' id='word_1_88' title='bbox 442 1531 577 1593; x_wconf 78' lang='lat' dir='ltr'>magnae</span> <span class='ocrx_word' id='word_1_89' title='bbox 599 1511 771 1576; x_wconf 88' lang='lat' dir='ltr'>nobilitatis</span> <span class='ocrx_word' id='word_1_90' title='bbox 794 1518 869 1576; x_wconf 91' lang='lat' dir='ltr'>erat.</span> 
     </span>
    </p>

    <p class='ocr_par' dir='ltr' id='par_1_8' title="bbox 164 1613 1083 1802">
     <span class='ocr_line' id='line_1_14' title="bbox 164 1613 1083 1701; baseline -0.003 -19"><span class='ocrx_word' id='word_1_91' title='bbox 164 1637 227 1682; x_wconf 92' lang='lat' dir='ltr'>non</span> <span class='ocrx_word' id='word_1_92' title='bbox 249 1616 345 1699; x_wconf 82' lang='lat' dir='ltr'>igitur</span> <span class='ocrx_word' id='word_1_93' title='bbox 367 1614 424 1680; x_wconf 91' lang='lat' dir='ltr'>tibi</span> <span class='ocrx_word' id='word_1_94' title='bbox 446 1634 540 1695; x_wconf 91' lang='lat' dir='ltr'>nunc,</span> <span class='ocrx_word' id='word_1_95' title='bbox 564 1613 647 1695; x_wconf 92' lang='lat' dir='ltr'>quod</span> <span class='ocrx_word' id='word_1_96' title='bbox 669 1635 720 1679; x_wconf 87' lang='lat' dir='ltr'>me</span> <span class='ocrx_word' id='word_1_97' title='bbox 742 1613 852 1679; x_wconf 91' lang='lat' dir='ltr'>domus</span> <span class='ocrx_word' id='word_1_98' title='bbox 874 1615 936 1679; x_wconf 89' lang='lat' dir='ltr'>ista</span> <span class='ocrx_word' id='word_1_99' title='bbox 957 1615 1083 1701; x_wconf 89' lang='lat' dir='ltr'>recepit,</span> 
     </span>
     <span class='ocr_line' id='line_1_15' title="bbox 209 1717 910 1802; baseline -0.003 -18"><span class='ocrx_word' id='word_1_100' title='bbox 209 1718 265 1785; x_wconf 91' lang='lat' dir='ltr'>sed</span> <span class='ocrx_word' id='word_1_101' title='bbox 286 1718 374 1802; x_wconf 90' lang='lat' dir='ltr'>prius</span> <span class='ocrx_word' id='word_1_102' title='bbox 396 1717 514 1782; x_wconf 85' lang='lat' dir='ltr'>auctori</span> <span class='ocrx_word' id='word_1_103' title='bbox 537 1724 613 1782; x_wconf 89' lang='lat' dir='ltr'>sunt</span> <span class='ocrx_word' id='word_1_104' title='bbox 631 1717 706 1782; x_wconf 87' lang='lat' dir='ltr'>data</span> <span class='ocrx_word' id='word_1_105' title='bbox 727 1718 827 1783; x_wconf 82' lang='lat' dir='ltr'>verba</span> <span class='ocrx_word' id='word_1_106' title='bbox 848 1724 910 1783; x_wconf 88' lang='lat' dir='ltr'>tuo.</span> 
     </span>
    </p>

    <p class='ocr_par' dir='ltr' id='par_1_9' title="bbox 165 1819 1237 2004">
     <span class='ocr_line' id='line_1_16' title="bbox 165 1819 1237 1905; baseline 0.002 -17"><span class='ocrx_word' id='word_1_107' title='bbox 165 1843 223 1888; x_wconf 88' lang='lat' dir='ltr'>nec</span> <span class='ocrx_word' id='word_1_108' title='bbox 245 1821 320 1887; x_wconf 88' lang='lat' dir='ltr'>data</span> <span class='ocrx_word' id='word_1_109' title='bbox 341 1826 424 1901; x_wconf 83' lang='lat' dir='ltr'>sunt,</span> <span class='ocrx_word' id='word_1_110' title='bbox 446 1820 524 1884; x_wconf 92' lang='lat' dir='ltr'>mihi</span> <span class='ocrx_word' id='word_1_111' title='bbox 546 1820 648 1900; x_wconf 82' lang='lat' dir='ltr'>crede,</span> <span class='ocrx_word' id='word_1_112' title='bbox 670 1827 792 1885; x_wconf 89' lang='lat' dir='ltr'>tamen:</span> <span class='ocrx_word' id='word_1_113' title='bbox 816 1819 872 1886; x_wconf 87' lang='lat' dir='ltr'>sed</span> <span class='ocrx_word' id='word_1_114' title='bbox 893 1821 926 1885; x_wconf 93' lang='lat' dir='ltr'>in</span> <span class='ocrx_word' id='word_1_115' title='bbox 942 1822 1086 1887; x_wconf 90' lang='lat' dir='ltr'>omnibus</span> <span class='ocrx_word' id='word_1_116' title='bbox 1101 1822 1189 1905; x_wconf 85' lang='lat' dir='ltr'>actis,</span> <span class='ocrx_word' id='word_1_117' title='bbox 1204 1842 1237 1890; x_wconf 75' lang='lat' dir='ltr'>su</span> 
     </span>
     <span class='ocr_line' id='line_1_17' title="bbox 207 1923 908 2004; baseline -0.003 -15"><span class='ocrx_word' id='word_1_118' title='bbox 207 1924 318 1989; x_wconf 87' lang='lat' dir='ltr'>ultima</span> <span class='ocrx_word' id='word_1_119' title='bbox 339 1924 366 1988; x_wconf 91' lang='lat' dir='ltr'>si</span> <span class='ocrx_word' id='word_1_120' title='bbox 389 1923 506 2004; x_wconf 87' lang='lat' dir='ltr'>demas,</span> <span class='ocrx_word' id='word_1_121' title='bbox 530 1924 597 1989; x_wconf 87' lang='lat' dir='ltr'>vita</span> <span class='ocrx_word' id='word_1_122' title='bbox 619 1923 737 1988; x_wconf 89' lang='lat' dir='ltr'>tuenda</span> <span class='ocrx_word' id='word_1_123' title='bbox 759 1944 830 1988; x_wconf 91' lang='lat' dir='ltr'>mea</span> <span class='ocrx_word' id='word_1_124' title='bbox 843 1931 908 1989; x_wconf 85' lang='lat' dir='ltr'>est.</span> 
     </span>
    </p>
   </div>
   <div class='ocr_carea' id='block_1_3' title="bbox 164 2026 1125 2196">
    <p class='ocr_par' dir='ltr' id='par_1_10' title="bbox 164 2026 1125 2196">
     <span class='ocr_line' id='line_1_18' title="bbox 164 2026 1125 2111; baseline 0.001 -20"><span class='ocrx_word' id='word_1_125' title='bbox 164 2026 248 2091; x_wconf 89' lang='lat' dir='ltr'>hanc</span> <span class='ocrx_word' id='word_1_126' title='bbox 270 2046 402 2108; x_wconf 87' lang='lat' dir='ltr'>quoque,</span> <span class='ocrx_word' id='word_1_127' title='bbox 426 2046 488 2108; x_wconf 91' lang='lat' dir='ltr'>qua</span> <span class='ocrx_word' id='word_1_128' title='bbox 509 2026 598 2109; x_wconf 87' lang='lat' dir='ltr'>perii,</span> <span class='ocrx_word' id='word_1_129' title='bbox 622 2027 746 2111; x_wconf 88' lang='lat' dir='ltr'>eulpam</span> <span class='ocrx_word' id='word_1_130' title='bbox 769 2028 870 2092; x_wconf 90' lang='lat' dir='ltr'>scelus</span> <span class='ocrx_word' id='word_1_131' title='bbox 893 2047 962 2092; x_wconf 90' lang='lat' dir='ltr'>esse</span> <span class='ocrx_word' id='word_1_132' title='bbox 983 2028 1125 2110; x_wconf 83' lang='lat' dir='ltr'>negabis,</span> 
     </span>
     <span class='ocr_line' id='line_1_19' title="bbox 209 2130 801 2196; baseline 0 -1"><span class='ocrx_word' id='word_1_133' title='bbox 209 2131 235 2195; x_wconf 92' lang='lat' dir='ltr'>si</span> <span class='ocrx_word' id='word_1_134' title='bbox 258 2131 338 2194; x_wconf 92' lang='lat' dir='ltr'>tanti</span> <span class='ocrx_word' id='word_1_135' title='bbox 360 2131 457 2195; x_wconf 82' lang='lat' dir='ltr'>series</span> <span class='ocrx_word' id='word_1_136' title='bbox 479 2131 519 2194; x_wconf 93' lang='lat' dir='ltr'>sit</span> <span class='ocrx_word' id='word_1_137' title='bbox 541 2130 599 2195; x_wconf 88' lang='lat' dir='ltr'>tibi</span> <span class='ocrx_word' id='word_1_138' title='bbox 621 2137 697 2195; x_wconf 90' lang='lat' dir='ltr'>nota</span> <span class='ocrx_word' id='word_1_139' title='bbox 718 2131 801 2196; x_wconf 87' lang='lat' dir='ltr'>mali.</span> 
     </span>
    </p>
   </div>
   <div class='ocr_carea' id='block_1_4' title="bbox 164 2234 1236 3756">
    <p class='ocr_par' dir='ltr' id='par_1_11' title="bbox 164 2234 984 2419">
     <span class='ocr_line' id='line_1_20' title="bbox 164 2234 984 2319; baseline 0.002 -20"><span class='ocrx_word' id='word_1_140' title='bbox 164 2240 220 2300; x_wconf 90' lang='lat' dir='ltr'>aut</span> <span class='ocrx_word' id='word_1_141' title='bbox 242 2234 334 2298; x_wconf 92' lang='lat' dir='ltr'>timor</span> <span class='ocrx_word' id='word_1_142' title='bbox 355 2239 410 2298; x_wconf 84' lang='lat' dir='ltr'>aut</span> <span class='ocrx_word' id='word_1_143' title='bbox 432 2253 516 2298; x_wconf 88' lang='lat' dir='ltr'>error</span> <span class='ocrx_word' id='word_1_144' title='bbox 538 2235 638 2314; x_wconf 71' lang='lat' dir='ltr'>nobis</span> <span class='ocrx_word' id='word_1_145' title='bbox 660 2234 747 2319; x_wconf 86' lang='lat' dir='ltr'>prius</span> <span class='ocrx_word' id='word_1_146' title='bbox 769 2235 984 2301; x_wconf 59' lang='lat' dir='ltr'>obfuit&#39;error.</span> 
     </span>
     <span class='ocr_line' id='line_1_21' title="bbox 207 2337 869 2419; baseline 0.003 -18"><span class='ocrx_word' id='word_1_147' title='bbox 207 2339 240 2401; x_wconf 83' lang='lat' dir='ltr'>a!</span> <span class='ocrx_word' id='word_1_148' title='bbox 264 2337 333 2401; x_wconf 92' lang='lat' dir='ltr'>sine</span> <span class='ocrx_word' id='word_1_149' title='bbox 355 2356 406 2400; x_wconf 91' lang='lat' dir='ltr'>me</span> <span class='ocrx_word' id='word_1_150' title='bbox 429 2337 486 2400; x_wconf 87' lang='lat' dir='ltr'>fati</span> <span class='ocrx_word' id='word_1_151' title='bbox 509 2357 572 2401; x_wconf 92' lang='lat' dir='ltr'>non</span> <span class='ocrx_word' id='word_1_152' title='bbox 595 2338 776 2402; x_wconf 84' lang='lat' dir='ltr'>meminisse</span> <span class='ocrx_word' id='word_1_153' title='bbox 798 2338 869 2419; x_wconf 83' lang='lat' dir='ltr'>mei,</span> 
     </span>
    </p>

    <p class='ocr_par' dir='ltr' id='par_1_12' title="bbox 164 2438 928 2628">
     <span class='ocr_line' id='line_1_22' title="bbox 164 2438 928 2526; baseline 0 -20"><span class='ocrx_word' id='word_1_154' title='bbox 164 2460 246 2506; x_wconf 88' lang='lat' dir='ltr'>neve</span> <span class='ocrx_word' id='word_1_155' title='bbox 268 2438 467 2505; x_wconf 82' lang='lat' dir='ltr'>retractando</span> <span class='ocrx_word' id='word_1_156' title='bbox 489 2440 627 2505; x_wconf 91' lang='lat' dir='ltr'>nondum</span> <span class='ocrx_word' id='word_1_157' title='bbox 652 2441 798 2506; x_wconf 74' lang='lat' dir='ltr'>coeuntia</span> <span class='ocrx_word' id='word_1_158' title='bbox 818 2461 928 2526; x_wconf 83' lang='lat' dir='ltr'>rumpe</span> 
     </span>
     <span class='ocr_line' id='line_1_23' title="bbox 208 2543 884 2628; baseline 0.004 -23"><span class='ocrx_word' id='word_1_159' title='bbox 208 2545 352 2609; x_wconf 87' lang='lat' dir='ltr'>vulnera:</span> <span class='ocrx_word' id='word_1_160' title='bbox 375 2543 430 2607; x_wconf 81' lang='lat' dir='ltr'>vix</span> <span class='ocrx_word' id='word_1_161' title='bbox 453 2543 515 2609; x_wconf 89' lang='lat' dir='ltr'>iilis</span> <span class='ocrx_word' id='word_1_162' title='bbox 536 2543 674 2627; x_wconf 83' lang='lat' dir='ltr'>prodcn‘t</span> <span class='ocrx_word' id='word_1_163' title='bbox 695 2544 765 2628; x_wconf 89' lang='lat' dir='ltr'>ipsa</span> <span class='ocrx_word' id='word_1_164' title='bbox 788 2545 884 2626; x_wconf 89' lang='lat' dir='ltr'>quies.</span> 
     </span>
    </p>

    <p class='ocr_par' dir='ltr' id='par_1_13' title="bbox 165 2644 953 2832">
     <span class='ocr_line' id='line_1_24' title="bbox 165 2644 953 2731; baseline -0.003 -20"><span class='ocrx_word' id='word_1_165' title='bbox 165 2665 240 2731; x_wconf 84' lang='lat' dir='ltr'>ergo</span> <span class='ocrx_word' id='word_1_166' title='bbox 262 2651 296 2710; x_wconf 93' lang='lat' dir='ltr'>ut</span> <span class='ocrx_word' id='word_1_167' title='bbox 318 2646 386 2709; x_wconf 86' lang='lat' dir='ltr'>iure</span> <span class='ocrx_word' id='word_1_168' title='bbox 408 2644 519 2710; x_wconf 88' lang='lat' dir='ltr'>damus</span> <span class='ocrx_word' id='word_1_169' title='bbox 541 2665 669 2728; x_wconf 86' lang='lat' dir='ltr'>poenas,</span> <span class='ocrx_word' id='word_1_170' title='bbox 692 2646 739 2710; x_wconf 88' lang='lat' dir='ltr'>sic</span> <span class='ocrx_word' id='word_1_171' title='bbox 760 2645 840 2709; x_wconf 86' lang='lat' dir='ltr'>afuit</span> <span class='ocrx_word' id='word_1_172' title='bbox 861 2665 953 2709; x_wconf 93' lang='lat' dir='ltr'>omne</span> 
     </span>
     <span class='ocr_line' id='line_1_25' title="bbox 208 2748 831 2832; baseline -0.003 -18"><span class='ocrx_word' id='word_1_173' title='bbox 208 2753 336 2832; x_wconf 84' lang='lat' dir='ltr'>peccato</span> <span class='ocrx_word' id='word_1_174' title='bbox 358 2748 482 2814; x_wconf 80' lang='lat' dir='ltr'>facinus</span> <span class='ocrx_word' id='word_1_175' title='bbox 505 2749 729 2831; x_wconf 80' lang='lat' dir='ltr'>consiliumque</span> <span class='ocrx_word' id='word_1_176' title='bbox 752 2769 831 2813; x_wconf 87' lang='lat' dir='ltr'>mco.</span> 
     </span>
    </p>

    <p class='ocr_par' dir='ltr' id='par_1_14' title="bbox 164 2851 1236 3037">
     <span class='ocr_line' id='line_1_26' title="bbox 164 2851 1236 2936; baseline 0.002 -20"><span class='ocrx_word' id='word_1_177' title='bbox 164 2852 260 2934; x_wconf 90' lang='lat' dir='ltr'>idque</span> <span class='ocrx_word' id='word_1_178' title='bbox 283 2851 360 2916; x_wconf 92' lang='lat' dir='ltr'>deus</span> <span class='ocrx_word' id='word_1_179' title='bbox 383 2852 492 2916; x_wconf 88' lang='lat' dir='ltr'>sentit:</span> <span class='ocrx_word' id='word_1_180' title='bbox 515 2871 687 2934; x_wconf 85' lang='lat' dir='ltr'>perquem</span> <span class='ocrx_word' id='word_1_181' title='bbox 709 2871 769 2916; x_wconf 89' lang='lat' dir='ltr'>nec</span> <span class='ocrx_word' id='word_1_182' title='bbox 790 2853 895 2916; x_wconf 87' lang='lat' dir='ltr'>lumen</span> <span class='ocrx_word' id='word_1_183' title='bbox 919 2851 1110 2936; x_wconf 86' lang='lat' dir='ltr'>ademptum,</span> <span class='ocrx_word' id='word_1_184' title='bbox 1204 2871 1236 2918; x_wconf 77' lang='lat'>45</span> 
     </span>
     <span class='ocr_line' id='line_1_27' title="bbox 208 2952 912 3037; baseline 0 -19"><span class='ocrx_word' id='word_1_185' title='bbox 208 2973 267 3020; x_wconf 88' lang='lat' dir='ltr'>nec</span> <span class='ocrx_word' id='word_1_186' title='bbox 288 2952 365 3018; x_wconf 91' lang='lat' dir='ltr'>mihi</span> <span class='ocrx_word' id='word_1_187' title='bbox 388 2952 545 3018; x_wconf 88' lang='lat' dir='ltr'>detractas</span> <span class='ocrx_word' id='word_1_188' title='bbox 567 2953 706 3037; x_wconf 86' lang='lat' dir='ltr'>possidet</span> <span class='ocrx_word' id='word_1_189' title='bbox 727 2954 807 3018; x_wconf 89' lang='lat' dir='ltr'>alter</span> <span class='ocrx_word' id='word_1_190' title='bbox 829 2974 912 3037; x_wconf 90' lang='lat' dir='ltr'>opes.</span> 
     </span>
    </p>

    <p class='ocr_par' dir='ltr' id='par_1_15' title="bbox 164 3055 985 3243">
     <span class='ocr_line' id='line_1_28' title="bbox 164 3055 985 3140; baseline -0.001 -18"><span class='ocrx_word' id='word_1_191' title='bbox 164 3058 296 3122; x_wconf 78' lang='lat' dir='ltr'>forsitan</span> <span class='ocrx_word' id='word_1_192' title='bbox 318 3056 401 3121; x_wconf 89' lang='lat' dir='ltr'>hanc</span> <span class='ocrx_word' id='word_1_193' title='bbox 423 3057 534 3140; x_wconf 82' lang='lat' dir='ltr'>ipsam,</span> <span class='ocrx_word' id='word_1_194' title='bbox 558 3057 644 3120; x_wconf 87' lang='lat' dir='ltr'>vivat</span> <span class='ocrx_word' id='word_1_195' title='bbox 667 3055 769 3138; x_wconf 87' lang='lat' dir='ltr'>modo,</span> <span class='ocrx_word' id='word_1_196' title='bbox 791 3057 880 3122; x_wconf 90' lang='lat' dir='ltr'>finict</span> <span class='ocrx_word' id='word_1_197' title='bbox 902 3057 985 3139; x_wconf 84' lang='lat' dir='ltr'>olim,</span> 
     </span>
     <span class='ocr_line' id='line_1_29' title="bbox 208 3159 894 3243; baseline 0 -19"><span class='ocrx_word' id='word_1_198' title='bbox 208 3167 348 3242; x_wconf 87' lang='lat' dir='ltr'>tempore</span> <span class='ocrx_word' id='word_1_199' title='bbox 370 3179 440 3223; x_wconf 84' lang='lat' dir='ltr'>curn</span> <span class='ocrx_word' id='word_1_200' title='bbox 463 3159 556 3225; x_wconf 86' lang='lat' dir='ltr'>fuerit</span> <span class='ocrx_word' id='word_1_201' title='bbox 578 3159 677 3223; x_wconf 86' lang='lat' dir='ltr'>lenior</span> <span class='ocrx_word' id='word_1_202' title='bbox 698 3160 754 3241; x_wconf 80' lang='lat' dir='ltr'>ira,</span> <span class='ocrx_word' id='word_1_203' title='bbox 778 3160 894 3243; x_wconf 82' lang='lat' dir='ltr'>fugam.</span> 
     </span>
    </p>

    <p class='ocr_par' dir='ltr' id='par_1_16' title="bbox 164 3260 1017 3449">
     <span class='ocr_line' id='line_1_30' title="bbox 164 3260 1017 3345; baseline -0.001 -18"><span class='ocrx_word' id='word_1_204' title='bbox 164 3281 250 3327; x_wconf 90' lang='lat' dir='ltr'>nnnc</span> <span class='ocrx_word' id='word_1_205' title='bbox 272 3280 382 3345; x_wconf 91' lang='lat' dir='ltr'>precor</span> <span class='ocrx_word' id='word_1_206' title='bbox 403 3260 476 3325; x_wconf 88' lang='lat' dir='ltr'>hino</span> <span class='ocrx_word' id='word_1_207' title='bbox 497 3262 559 3327; x_wconf 88' lang='lat' dir='ltr'>alio</span> <span class='ocrx_word' id='word_1_208' title='bbox 580 3262 688 3326; x_wconf 89' lang='lat' dir='ltr'>iubeat</span> <span class='ocrx_word' id='word_1_209' title='bbox 710 3261 881 3343; x_wconf 87' lang='lat' dir='ltr'>discedere,</span> <span class='ocrx_word' id='word_1_210' title='bbox 905 3262 931 3327; x_wconf 89' lang='lat' dir='ltr'>si</span> <span class='ocrx_word' id='word_1_211' title='bbox 953 3282 1017 3327; x_wconf 91' lang='lat' dir='ltr'>non</span> 
     </span>
     <span class='ocr_line' id='line_1_31' title="bbox 208 3363 887 3449; baseline 0.001 -21"><span class='ocrx_word' id='word_1_212' title='bbox 208 3370 316 3429; x_wconf 84' lang='lat' dir='ltr'>nostra</span> <span class='ocrx_word' id='word_1_213' title='bbox 336 3364 514 3429; x_wconf 86' lang='lat' dir='ltr'>verecundo</span> <span class='ocrx_word' id='word_1_214' title='bbox 536 3371 611 3430; x_wconf 87' lang='lat' dir='ltr'>vota</span> <span class='ocrx_word' id='word_1_215' title='bbox 633 3363 751 3449; x_wconf 89' lang='lat' dir='ltr'>pudore</span> <span class='ocrx_word' id='word_1_216' title='bbox 774 3371 887 3429; x_wconf 88' lang='lat' dir='ltr'>carent.</span> 
     </span>
    </p>

    <p class='ocr_par' dir='ltr' id='par_1_17' title="bbox 165 3465 945 3653">
     <span class='ocr_line' id='line_1_32' title="bbox 165 3465 945 3552; baseline 0.001 -21"><span class='ocrx_word' id='word_1_217' title='bbox 165 3467 272 3531; x_wconf 92' lang='lat' dir='ltr'>mitius</span> <span class='ocrx_word' id='word_1_218' title='bbox 295 3465 439 3531; x_wconf 84' lang='lat' dir='ltr'>exsilium</span> <span class='ocrx_word' id='word_1_219' title='bbox 461 3468 615 3550; x_wconf 88' lang='lat' dir='ltr'>pauloque</span> <span class='ocrx_word' id='word_1_220' title='bbox 637 3468 841 3552; x_wconf 90' lang='lat' dir='ltr'>propinquius</span> <span class='ocrx_word' id='word_1_221' title='bbox 863 3474 945 3551; x_wconf 84' lang='lat' dir='ltr'>opto,</span> 
     </span>
     <span class='ocr_line' id='line_1_33' title="bbox 209 3569 919 3653; baseline 0.004 -21"><span class='ocrx_word' id='word_1_222' title='bbox 209 3569 324 3651; x_wconf 91' lang='lat' dir='ltr'>quique</span> <span class='ocrx_word' id='word_1_223' title='bbox 347 3569 387 3634; x_wconf 93' lang='lat' dir='ltr'>sit</span> <span class='ocrx_word' id='word_1_224' title='bbox 408 3589 429 3634; x_wconf 89' lang='lat' dir='ltr'>a</span> <span class='ocrx_word' id='word_1_225' title='bbox 450 3590 545 3634; x_wconf 88' lang='lat' dir='ltr'>saevo</span> <span class='ocrx_word' id='word_1_226' title='bbox 567 3571 692 3653; x_wconf 85' lang='lat' dir='ltr'>longius</span> <span class='ocrx_word' id='word_1_227' title='bbox 713 3571 803 3636; x_wconf 83' lang='lat' dir='ltr'>hoste</span> <span class='ocrx_word' id='word_1_228' title='bbox 825 3571 919 3636; x_wconf 92' lang='lat' dir='ltr'>locus.</span> 
     </span>
    </p>

    <p class='ocr_par' dir='ltr' id='par_1_18' title="bbox 165 3672 1062 3756">
     <span class='ocr_line' id='line_1_34' title="bbox 165 3672 1062 3756; baseline 0.001 -18"><span class='ocrx_word' id='word_1_229' title='bbox 165 3679 316 3756; x_wconf 87' lang='lat' dir='ltr'>tantaque</span> <span class='ocrx_word' id='word_1_230' title='bbox 338 3672 371 3737; x_wconf 93' lang='lat' dir='ltr'>in</span> <span class='ocrx_word' id='word_1_231' title='bbox 393 3675 536 3756; x_wconf 82' lang='lat' dir='ltr'>Augusto</span> <span class='ocrx_word' id='word_1_232' title='bbox 559 3680 606 3739; x_wconf 91' lang='lat' dir='ltr'>est</span> <span class='ocrx_word' id='word_1_233' title='bbox 629 3675 803 3756; x_wconf 87' lang='lat' dir='ltr'>clementia,</span> <span class='ocrx_word' id='word_1_234' title='bbox 826 3674 924 3756; x_wconf 90' lang='lat' dir='ltr'>siquis</span> <span class='ocrx_word' id='word_1_235' title='bbox 946 3676 986 3740; x_wconf 93' lang='lat' dir='ltr'>ab</span> <span class='ocrx_word' id='word_1_236' title='bbox 1009 3674 1062 3739; x_wconf 91' lang='lat' dir='ltr'>illo</span> 
     </span>
    </p>
   </div>
   <div class='ocr_carea' id='block_1_5' title="bbox 209 3775 1038 3930">
    <p class='ocr_par' dir='ltr' id='par_1_19' title="bbox 209 3775 1038 3930">
     <span class='ocr_line' id='line_1_35' title="bbox 209 3775 919 3862; baseline 0.003 -23"><span class='ocrx_word' id='word_1_237' title='bbox 209 3775 268 3840; x_wconf 87' lang='lat' dir='ltr'>boc</span> <span class='ocrx_word' id='word_1_238' title='bbox 290 3782 411 3861; x_wconf 88' lang='lat' dir='ltr'>peteret</span> <span class='ocrx_word' id='word_1_239' title='bbox 432 3797 488 3862; x_wconf 89' lang='lat' dir='ltr'>pro</span> <span class='ocrx_word' id='word_1_240' title='bbox 511 3797 571 3860; x_wconf 87' lang='lat' dir='ltr'>me,</span> <span class='ocrx_word' id='word_1_241' title='bbox 594 3777 724 3843; x_wconf 87' lang='lat' dir='ltr'>forsitan</span> <span class='ocrx_word' id='word_1_242' title='bbox 747 3777 799 3843; x_wconf 92' lang='lat' dir='ltr'>ille</span> <span class='ocrx_word' id='word_1_243' title='bbox 822 3776 919 3842; x_wconf 88' lang='lat' dir='ltr'>daret.</span> 
     </span>
     <span class='ocr_line' id='line_1_36' title="bbox 989 3877 1038 3930; baseline 0 0"><span class='ocrx_word' id='word_1_244' title='bbox 989 3877 1038 3930; x_wconf 85' lang='lat'>11*</span> 
     </span>
    </p>
   </div>
   <div class='ocr_carea' id='block_1_6' title="bbox 0 0 1473 4117">
    <p class='ocr_par' dir='ltr' id='par_1_20' title="bbox 0 0 1473 4117">
     <span class='ocr_line' id='line_1_37' title="bbox 0 0 1473 4117; baseline 0 0"><span class='ocrx_word' id='word_1_245' title='bbox 0 0 1473 4117; x_wconf 95' lang='lat' dir='ltr'> </span> 
     </span>
    </p>
   </div>
  </div>
 </body>
</html>
