2934 4117
560 127 599 180 13.
618 123 697 180 111000
714 123 837 193 detento.

227 298 342 383 puppis
365 303 397 362 et
418 296 570 382 expositis
592 297 738 363 omnibus
759 296 872 362 hausta
894 297 984 381 perit.

185 401 247 465 iam
269 401 341 485 pius
362 401 487 465 Aeneas
509 420 606 484 regno
628 406 766 481 nataque
787 400 892 465 Latini

228 509 338 568 auctus
360 509 428 568 erat
449 503 581 588 populos
603 502 831 585 miscueratque
854 502 940 568 duos.

185 606 275 672 litore
297 604 393 671 dotali
415 606 480 671 solo
502 606 667 671 comitatus
688 604 811 670 Achate

229 714 382 774 secretum
406 707 490 773 nudo
514 707 588 772 dum
610 707 692 793 pede
716 708 815 792 carpit
836 709 905 790 iter,

186 810 321 895 adspicit
343 818 509 893 errantem,
532 830 592 875 nee
615 810 742 876 eredere
764 812 897 876 sustinet
918 811 1043 877 Annam

230 933 307 979 esse.
331 906 419 996 ‘quid
439 914 472 978 in
495 914 601 978 Latios
623 913 678 978 1110
699 914 821 979 veniret
842 910 967 998 agrcsr'

188 1017 262 1082 dum
284 1037 390 1083 secum
413 1018 548 1098 Aeneas,
571 1009 675 1081 ‘Anna
698 1013 772 1083 estl'
795 1018 951 1082 exclamat
972 1016 1116 1083 Achates.

230 1119 272 1184 ad
293 1140 409 1186 nomen
432 1120 536 1185 vultus
559 1120 684 1185 sustulit
705 1120 761 1184 1110
782 1139 863 1186 suos.

188 1243 249 1306 quo
270 1221 393 1307 fugiat?
417 1221 493 1305 quid
515 1227 610 1307 agat?
634 1243 711 1305 quos
733 1228 835 1287 terrae
859 1230 989 1306 quaerat
1010 1224 1133 1289 hiatus?

230 1331 305 1391 ante
326 1326 431 1391 oculos
454 1325 587 1390 miserae
609 1323 676 1390 fata
698 1326 810 1391 sororis
833 1331 930 1391 erant.

188 1428 286 1494 sensit
308 1435 339 1493 et
360 1428 538 1511 adloquitur
559 1429 713 1514 trepidam
738 1427 929 1512 Cythereius
950 1429 1051 1512 heros,

230 1531 285 1596 flet
306 1537 412 1596 tamen
435 1529 596 1596 admonitu
617 1539 729 1613 motus,
752 1531 864 1614 Elissa,
888 1533 946 1597 tui:

189 1629 302 1715 ‘Anna,
325 1654 381 1718 per
403 1634 486 1699 hanc
506 1635 583 1716 iuro,
608 1654 701 1716 quam
725 1635 884 1717 quondam
906 1635 1014 1700 audire
1036 1637 1159 1720 solebas

231 1738 373 1803 tellurem
395 1737 460 1802 fato
482 1737 678 1822 prosperiore
700 1737 776 1819 dari,

188 1860 307 1925 perque
328 1838 405 1906 deos
428 1840 566 1922 comites,
589 1839 650 1904 hao
671 1860 773 1925 nuper
795 1839 871 1907 sede
893 1841 1019 1924 1000100,

232 1962 328 2027 saepe
350 1962 437 2007 meas
458 1942 528 2008 illos
550 1943 745 2028 increpuisse
767 1960 879 2009 moras.

189 2066 248 2111 nec
269 2045 359 2110 timui
382 2044 422 2109 de
444 2051 543 2110 morte
564 2051 684 2130 tamen,
708 2052 810 2112 metus
832 2045 912 2111 afuit
933 2047 1001 2112 iste.

232 2148 262 2214 ei
283 2147 373 2213 mihi!
398 2147 539 2212 credibili
561 2147 670 2213 fortior
691 2148 745 2213 illa
767 2148 835 2213 fuit.

189 2271 230 2317 ne
251 2251 334 2316 refer
355 2289 398 2297 -
419 2250 553 2336 adspexi
575 2271 640 2315 non
661 2251 714 2316 illo
736 2257 861 2334 pectore
884 2251 980 2336 digna

232 2355 363 2419 vulnera
383 2355 550 2419 Tartareas
572 2366 667 2419 ‘ausus
688 2353 776 2418 adire
799 2354 916 2421 domos.

189 2463 223 2522 at
244 2462 287 2538 tu,
311 2476 367 2521 seu
388 2456 467 2521 ratio
489 2462 521 2521 te
543 2456 656 2521 nostris
678 2457 801 2540 appulit
822 2457 894 2539 0110,

233 2560 300 2626 sive
321 2558 408 2640 deus,
431 2559 522 2643 regni
544 2558 707 2624 commoda
729 2580 823 2644 carpe
845 2561 917 2626 mei.

190 2663 287 2728 multa
308 2662 365 2726 tibi
388 2681 550 2743 memores,
573 2662 618 2726 nil
640 2682 702 2728 non
726 2661 878 2728 debemus
900 2664 1029 2731 Elissae.

232 2765 359 2831 nomine
380 2771 473 2849 grata
494 2771 557 2846 tuo,
580 2771 671 2848 grata
693 2766 816 2847 sororis,
840 2762 922 2831 eris‘

191 2868 266 2933 talia
287 2867 403 2934 dicenti
426 2905 467 2914 —
490 2887 593 2950 neque
616 2867 699 2932 enim
721 2888 794 2952 spes
816 2869 915 2933 altera
936 2875 1033 2934 restat
1055 2907 1096 2917 -

234 2968 375 3051 credidit,
399 2990 517 3035 errores
540 2971 747 3054 exposuitque
769 2990 851 3036 suos.

191 3079 287 3156 utque
309 3073 436 3138 domum
457 3072 586 3137 intravit
607 3072 720 3156 Tyrios
742 3072 853 3137 induta
874 3079 1011 3158 paratus,
1233 3066 1303 3142 roo'

233 3176 344 3259 incipit
365 3176 503 3240 Aeneas:
527 3213 570 3221 —
592 3183 697 3239 cetera
718 3175 810 3239 turba
832 3174 903 3240 silet
925 3213 966 3222 -
1167 3262 1169 3265 v

191 3271 363 3343 ί1100011111
386 3297 440 3341 eur
461 3277 593 3358 tradam,
617 3278 670 3361 pia
692 3297 797 3360 causa,
820 3279 954 3342 Lavinia
977 3279 1123 3360 coniunx,

235 3386 283 3445 est
304 3380 394 3444 milri:
418 3380 597 3463 consumpsi
618 3380 790 3463 naufragus
812 3379 904 3445 huius
926 3401 1011 3464 opes.

192 3488 260 3547 orta
279 3483 364 3567 Tyro
387 3487 444 3563 est,
466 3502 598 3566 regnum
619 3483 742 3565 Libyca
763 3481 904 3565 possedit
924 3483 957 3547 in
979 3502 1047 3547 ora:

235 3605 329 3669 quam
350 3605 459 3669 precor
481 3591 516 3649 ut
538 3605 629 3650 carae
650 3605 737 3649 more
761 3584 872 3651 sororis
895 3579 1002 3650 ames?
1235 3604 1284 3655 110

192 3688 298 3752 omnia
318 3687 471 3772 promittit
491 3688 667 3771 falsumque
689 3688 825 3754 Lavinia
847 3686 960 3752 vulnus
