2934 4117
239 141 279 204 76
638 157 869 227 birtomorpboleu.

237 330 406 415 implerunt
428 330 549 397 fluctus.
588 352 651 397 non
674 331 755 396 haec
777 331 835 398 tibi
858 333 981 397 nuntiat
1003 340 1111 399 auctor

238 433 414 518 ambiguus,
436 454 500 500 non
523 435 584 500 ista
605 434 696 518 vagis
718 436 893 501 rumoribus
915 436 1019 502 audis:

237 537 306 621 ipse
328 556 387 621 ego
409 537 476 601 fata
497 538 555 603 tibi
577 558 727 622 praesens
750 559 821 603 mea
843 539 1014 623 naufragus
1037 540 1105 605 edo.

238 661 340 725 surge,
363 660 433 725 age,
458 640 499 704 da
521 641 666 707 lacrimas
689 641 897 724 lugubriaque
920 643 1016 706 indue
1037 662 1097 707 nec
1119 663 1170 707 me

237 743 467 828 indeploratum
490 746 547 809 sub
571 745 678 809 inania
699 747 832 809 Tartara
853 742 965 810 mitte?

183 932 186 936 Δ
239 846 336 911 adicit
357 846 407 913 his
429 867 537 912 vocem
562 848 739 931 Morpheus,
763 868 863 929 quam·
881 848 1022 932 coniugis
1044 848 1097 912 illa

239 950 378 1015 erederet
401 969 470 1015 esse
493 951 549 1014 sui.
588 949 681 1016 fletus
704 970 826 1033 quoque
849 950 981 1015 fundere
1003 970 1094 1015 veros

237 1053 324 1118 visus
346 1060 413 1117 erat
434 1060 619 1136 gestumque
641 1073 753 1118 manus
776 1054 891 1136 Ceycis
914 1054 1059 1119 habebat.

239 1156 371 1240 ingemit
393 1156 546 1239 Alcyone,
569 1156 714 1222 lacrimas
737 1163 842 1221 movet
864 1163 957 1238 atque
980 1158 1111 1221 lacertos

238 1279 293 1342 per
315 1279 457 1323 somnum
481 1279 654 1342 corpusque
677 1264 787 1343 petens
810 1259 1007 1342 amplectitur
1029 1280 1120 1324 auras

238 1362 471 1444 exclamatque:
494 1355 611 1426 ‘manet
637 1382 697 1444 quo
720 1369 752 1426 te
774 1362 882 1445 rapis?
904 1363 1019 1427 ibimus
1042 1357 1126 1426 una.>

237 1484 314 1530 voce
336 1485 393 1530 sua
415 1465 583 1549 specieque
605 1465 664 1529 viri
686 1466 812 1530 turbata
834 1485 976 1549 soporem
1030 1456 1037 1470 ’

238 1568 357 1632 excutit
379 1574 411 1632 et
431 1568 541 1651 primo,
566 1568 592 1633 si
615 1568 665 1649 sit,
689 1567 908 1652 circumspicit,
932 1568 1004 1649 illic,

238 1670 290 1753 qui
314 1670 405 1735 modo
428 1671 514 1736 visus
537 1678 611 1736 erat.
650 1692 724 1735 uam
747 1672 823 1735 moti
846 1691 923 1735 voce
945 1670 1078 1735 ministri

238 1773 407 1837 intulerant
429 1773 543 1837 lumen.
578 1780 745 1857 postquam
768 1793 829 1838 non
853 1774 976 1838 invenit
997 1794 1139 1855 usquam,

238 1875 372 1958 percutit
393 1896 448 1940 ora
470 1896 564 1940 manu
587 1876 747 1957 laniatque
769 1896 789 1939 a
811 1882 936 1960 pectore
958 1882 1063 1940 vestes

238 1984 427 2061 pectoraque
449 1979 519 2061 ipsa
540 1978 621 2042 ferit.
661 1998 719 2042 neo
743 1978 844 2043 crines
867 1979 987 2044 solvere
1010 1986 1109 2042 curat:

239 2080 366 2164 scindit,
390 2087 421 2145 ct
444 2081 551 2160 altrici,
576 2101 656 2163 quae
678 2081 779 2146 luctus
803 2101 905 2161 causa,
930 2082 1052 2164 roganti

238 2175 335 2247 ‘nulla
357 2189 404 2248 cst
426 2172 578 2266 Alcyone,
602 2184 687 2247 nulla
710 2180 767 2249 est'
790 2183 847 2268 ait,
871 2177 995 2248 ‘occidit
1017 2205 1080 2247 una

239 2307 309 2349 cum
333 2286 437 2369 Ceyce
459 2306 524 2350 suo.
549 2286 683 2350 solantia
705 2287 802 2350 tollite
826 2288 934 2350 verba!

238 2388 409 2473 naufragus
431 2389 557 2454 interiit.
596 2389 662 2453 vidi
685 2389 864 2472 agnovique
887 2409 1060 2471 prauusque

240 2491 280 2555 ad
302 2491 515 2557 discedentem
538 2492 667 2575 cupiens
690 2492 824 2557 retinere
847 2491 975 2556 tetendi.

240 2594 350 2659 umbra
370 2594 443 2678 fuit3
467 2594 526 2658 fuit
548 2597 660 2659 umbra
682 2601 788 2658 tamen
811 2595 978 2659 manifesta
1002 2595 1122 2676 virique

240 2716 317 2761 vera
338 2697 409 2761 mei.
444 2717 507 2761 non
530 2697 582 2760 ille
606 2697 742 2778 quidem,
767 2697 793 2761 si
817 2697 949 2778 quaeris,
973 2698 1111 2762 habebat

239 2798 385 2864 adsuetos
407 2800 521 2880 vultus,
544 2820 612 2880 uec,
637 2820 697 2880 quo
720 2800 816 2883 prius,
840 2819 893 2863 ore
915 2800 1051 2863 nitebat:

239 2903 408 2985 pallentem
431 2901 610 2983 nudumque
634 2909 665 2967 et
687 2902 791 2967 adhuc
813 2909 940 2966 umente
964 2903 1075 2986 capillo

240 3005 350 3070 infelix
373 3004 447 3068 vidi.
486 3005 571 3069 stetit
593 3005 652 3070 hoo
674 3005 860 3070 miserabilis
882 3005 950 3089 ipso

239 3127 312 3172 occe
334 3101 412 3173 loco’
434 3146 477 3154 —
500 3113 531 3171 et
553 3108 683 3190 quaerit,
708 3108 843 3191 vestigia
866 3107 956 3190 siqua
979 3107 1144 3191 supersint.

239 3206 309 3276 ‘hoc
331 3217 406 3291 erat,
430 3210 498 3291 hoc,
521 3212 626 3275 animo
650 3211 732 3292 quod
755 3211 917 3274 divinante
941 3210 1099 3291 timebam,

240 3321 271 3380 ct
292 3318 333 3379 ne
355 3334 405 3379 me
428 3315 553 3397 fugiens
575 3322 686 3379 ventos
710 3334 884 3397 sequerere,
908 3313 1066 3397 rogabam.

239 3425 271 3482 at
294 3424 377 3482 certe
399 3418 522 3497 vellem,
547 3418 694 3499 quoniam
717 3418 874 3502 periturus
896 3417 1018 3497 abibas,

240 3540 289 3585 me
312 3540 436 3603 quoque
458 3520 611 3585 duxisses.
650 3526 726 3602 tum,
750 3527 815 3584 tum
837 3520 896 3584 fuit
919 3519 994 3583 utile
1017 3525 1119 3582 tecum

239 3623 284 3688 ire
307 3622 397 3688 mihi:
420 3643 523 3705 neque
546 3623 630 3688 enim
653 3623 693 3688 de
715 3624 800 3688 vitae
822 3628 961 3706 tempore
984 3621 1150 3703 quicquam

240 3746 302 3790 non
325 3726 417 3790 simul
439 3727 583 3809 egissem,
607 3746 666 3790 nec
688 3748 771 3792 mors
795 3726 928 3790 discreta
950 3725 1068 3789 fuisset.
