2934 4117
572 156 577 163 ’
604 170 643 222 13.
667 167 785 236 busque.
1165 149 1205 211 41

179 341 370 424 Palladaque
391 339 543 406 exhibuit.
566 346 757 406 venerantur
778 340 909 404 numina
929 339 1091 423 nymphae
1221 357 1255 405 40

179 444 449 531 Mygdonidesque
471 463 581 509 nurus:
604 444 671 509 sela
692 449 826 509 estnon
848 441 956 508 territa
977 443 1076 527 virge.
1157 491 1161 498 f

180 548 236 616 sed
256 555 364 614 amen
386 547 510 613 erubuit
532 547 717 629 subitusque
738 546 840 611 invita
861 546 984 611 notavit
1046 614 1049 621 ,

179 672 234 719 cra
254 650 349 716 ruber
370 669 539 731 rursusque
561 650 699 730 evanuit,
722 655 758 713 ut
779 650 859 714 selet
880 656 935 713 adr

179 772 354 838 purpureus
374 751 453 833 lieri,
476 772 547 816 cum
569 752 704 836 primum
726 771 838 817 aurora
859 757 1011 833 movetur,
1047 773 1053 782 ·

181 863 212 923 et
233 856 330 921 breve
351 861 423 941 pust
445 861 569 939 tempus
591 854 781 920 candescere
803 854 877 920 selis
898 855 940 919 ab
962 861 1040 919 ortu.
1222 872 1256 921 45

180 959 354 1045 perstatim
375 958 501 1043 inceptu
523 957 718 1040 stolidaeque
741 956 887 1042 cupidine
909 957 1033 1042 palmae

179 1063 213 1128 in
236 1082 293 1127 sua
315 1061 382 1125 fata
403 1061 478 1126 ruit:
501 1080 605 1143 neque
627 1060 712 1125 enim
734 1061 810 1125 leve
831 1065 908 1123 nata
927 1064 1061 1140 recusat,

179 1185 240 1231 nec
262 1169 369 1229 monet
390 1163 529 1245 ulterius,
552 1182 612 1228 nec
633 1163 695 1227 iam
719 1162 892 1227 certamina
914 1160 1027 1226 differt.

179 1265 266 1333 haud
287 1287 383 1348 mera,
407 1264 586 1332 consistunt
603 1265 736 1331 diversis
757 1264 900 1349 partibus
921 1265 1034 1330 ambae

181 1377 213 1435 et
233 1369 343 1454 gracili
364 1368 508 1453 geminas
530 1367 699 1433 intendunt
721 1368 856 1432 stamine
877 1367 965 1433 telas.
1223 1384 1258 1433 50

181 1474 244 1538 tela
264 1472 338 1557 iugo
360 1472 467 1538 vincta
489 1478 545 1552 est,
569 1477 691 1537 stamen
714 1472 849 1536 secernit
870 1469 1022 1552 harundo,

181 1576 327 1642 inseritur
348 1574 486 1641 medium
509 1574 605 1641 radiis
628 1575 794 1640 subtemen
815 1573 925 1654 acutis,

182 1676 265 1760 qued
285 1677 377 1763 digiti
398 1676 581 1761 expediunt,
604 1684 699 1759 atque
721 1677 804 1741 inter
826 1677 961 1742 stamina
983 1675 1110 1740 ductum

180 1801 328 1866 percusso
349 1781 482 1867 paviunt
503 1780 616 1845 insecti
637 1780 763 1865 pectine
786 1778 906 1844 dentes.

182 1893 313 1967 utraque
335 1883 487 1949 festinant
509 1884 693 1965 cinctaeque
714 1881 758 1946 ad
779 1888 907 1966 pectora
929 1888 1034 1948 vestes
1142 1903 1145 1908 ⁴
1224 1900 1257 1948 11

182 1986 330 2052 bracchia
352 1987 445 2052 ducta
466 1991 594 2051 movent
616 1984 719 2051 studio
741 1985 871 2051 fallente
893 1986 1042 2051 laborem.

181 2090 246 2156 illic
267 2095 299 2155 et
319 2091 450 2174 Tyrium
473 2109 554 2172 quae
575 2109 712 2174 purpura
734 2088 834 2154 sensit
854 2096 970 2153 atnum

183 2192 300 2260 texitur
321 2200 353 2259 et
374 2199 484 2258 tenues
505 2193 595 2277 parvi
617 2191 808 2258 discriminis
829 2194 969 2272 umbrae,

183 2296 285 2379 qualis
306 2296 348 2360 ab
369 2296 471 2362 imbre
493 2296 573 2361 solet
593 2295 751 2380 percussis
773 2295 891 2361 solibus
913 2315 1004 2360 arcus

182 2398 310 2464 inficere
332 2399 454 2484 ingenti
475 2399 603 2482 lengum
626 2398 808 2464 curvamine
830 2398 961 2478 caelum,

182 2503 217 2569 in
240 2522 300 2585 quo
323 2501 440 2568 diversi
461 2501 583 2567 niteant
605 2521 677 2567 cum
698 2502 783 2567 mille
805 2502 933 2582 celeres,

183 2605 332 2671 transitus
353 2605 422 2689 ipse
444 2610 549 2669 tamen
572 2605 749 2689 spectantia
770 2604 890 2669 lumina
912 2604 1005 2686 fallit3

183 2728 284 2791 usque
305 2707 385 2773 adeo
406 2706 490 2789 quod
512 2708 614 2791 tangit
635 2706 720 2772 idem
744 2714 800 2788 est,
823 2713 930 2772 tamen
952 2708 1062 2772 ultima
1084 2706 1209 2772 distant.

184 2811 248 2877 illie
269 2817 301 2876 et
322 2811 440 2878 lentum
461 2810 522 2877 filis
544 2810 720 2875 immittitur
742 2830 852 2874 aurum

185 2921 216 2980 et
237 2920 330 2980 vetus
349 2914 383 2979 in
405 2914 469 2978 tela
490 2913 653 2979 deducitur
675 2918 904 2997 argumentum.
1226 2928 1258 2976 11

228 3017 378 3101 Cecropia
398 3017 502 3082 Pallas
524 3017 685 3101 scopulum
707 3016 857 3081 Mavortis
878 3016 912 3078 in
934 3035 1007 3080 arce

185 3120 287 3205 pingit
309 3126 340 3185 et
362 3119 523 3201 antiquam
545 3119 586 3184 de
607 3124 709 3184 terrae
730 3118 858 3183 nomine
880 3118 976 3183 litem.

186 3223 313 3288 bissex
337 3222 486 3287 caelestes
509 3221 612 3286 medic
634 3222 710 3286 Iove
732 3221 862 3288 sedibus
882 3221 953 3286 altis

185 3331 320 3410 augusta
340 3324 497 3409 gravitate
519 3324 639 3390 sedent.
686 3344 743 3389 sua
766 3343 922 3406 quemque
944 3323 1072 3388 deorum

185 3427 327 3493 inscribit
348 3427 459 3493 facies:
482 3428 567 3493 Iovis
589 3434 637 3493 est
658 3428 774 3511 regalis
795 3427 909 3511 image,
1227 3441 1259 3490 70

186 3536 269 3596 stare
291 3529 384 3595 deum
406 3531 511 3615 pelagi
533 3532 690 3615 longeque
712 3530 806 3595 ferire
828 3529 964 3594 tridente

186 3652 298 3716 aspera
320 3654 398 3698 saxa
420 3633 497 3698 facit
518 3633 684 3716 medioque
708 3651 725 3698 1
747 3632 877 3697 vulnere
900 3630 970 3695 saxi

188 3735 351 3801 exsiluisse
373 3734 496 3817 fretum,
519 3755 580 3819 quc
602 3736 733 3819 pignore
755 3732 897 3798 vindicet
917 3732 1034 3796 urbem.
