2934 4117
519 205 559 258 29.
579 202 629 259 hic
645 201 777 272 annana
796 202 874 260 dirce.

184 375 339 458 mellaque
361 374 489 457 vimque
511 375 589 440 meri
611 396 682 440 cum
704 377 786 441 lacte
809 378 941 460 coagula
963 398 1066 461 passo,

184 477 300 560 quique
322 478 381 544 suh
403 477 464 543 hac
485 477 605 542 lateant
628 478 734 543 furtim
757 478 933 561 dulcedine,
957 499 1048 546 sucos
1227 501 1262 551 ao

184 580 289 646 adicit.
323 581 495 666 accipimus
517 601 608 647 sacra
630 581 705 647 data
726 583 840 667 pocula
863 578 1004 648 dextras

185 704 266 767 quae
288 684 380 750 simul
402 684 504 748 arenti
526 685 668 750 sitientes
690 684 852 751 hausimus
875 705 929 751 ore

185 793 217 852 et
238 787 342 870 tetigit
364 806 503 853 summos
524 787 617 870 virga
639 788 699 852 dea
722 787 790 853 dira
812 788 951 872 capillos,
974 828 1017 837 -—
1113 790 1115 793 ’

185 896 217 955 et
237 890 336 973 pudet
358 896 389 955 et
410 890 545 955 referam
566 928 609 937 —
631 891 726 956 saetis
748 890 928 956 horrescere
950 893 1039 977 coepi
1140 914 1143 919 ¹

184 1014 244 1059 neo
264 994 329 1058 iam
351 1013 444 1078 posse
465 994 560 1076 loqui,
584 1015 640 1078 pro
662 994 767 1060 verbis
790 993 884 1059 edere
906 1015 1034 1060 raucum
1228 1017 1262 1066 aa

185 1118 324 1163 murmur
346 1104 377 1162 et
398 1097 432 1162 in
455 1103 570 1163 terram
591 1103 656 1162 toto
678 1098 883 1182 procumbere
904 1099 1007 1184 vnltu3

185 1221 282 1285 osque
304 1221 409 1265 meum
431 1201 516 1267 sensi
538 1198 643 1286 pando
665 1201 873 1266 occallescere
894 1208 1003 1284 rostro,

186 1306 266 1369 colla
286 1309 408 1370 tumere
430 1305 506 1371 toris
528 1311 569 1386 et,
592 1303 770 1389 quamodo
791 1305 906 1389 pocula
926 1311 1017 1389 parte

186 1414 311 1492 sumpta
332 1406 410 1472 mihi
432 1406 566 1488 fueraut,
589 1408 643 1472 illa
664 1407 801 1491 vestigia
822 1407 893 1472 leci.

187 1530 319 1593 cumque
342 1510 453 1576 eadem
475 1511 764 1595 passis—tantum
786 1510 996 1577 medicamina
1016 1511 1211 1596 possuntt-
1227 1530 1261 1580 to

187 1613 313 1679 claudor
334 1613 421 1679 hara.
455 1614 617 1697 solumque
639 1614 705 1679 suis
726 1613 865 1679 caruisse
887 1612 988 1698 figura

186 1716 322 1782 vidimus
343 1716 569 1801 Eurylochum:
593 1718 676 1782 solus
698 1716 774 1781 data
795 1716 907 1801 pocula
928 1715 1018 1800 fugit.

187 1840 268 1903 quae
290 1820 351 1885 nisi
373 1820 513 1901 vitasset,
536 1820 658 1904 pecoris
679 1840 754 1905 pars
775 1840 839 1884 una
861 1839 1021 1885 manerem

187 1943 271 1988 nune
293 1942 417 2006 quoque
438 1924 595 2007 saetigeri,
618 1943 678 1988 neo
699 1929 808 1987 tautae
830 1921 927 1988 cladis
949 1923 989 1987 ab
1011 1922 1064 1988 illo

187 2026 299 2091 certior
320 2025 361 2090 ad
385 2026 497 2093 Circen
519 2027 601 2091 ultor
621 2027 761 2092 venisset
783 2026 903 2092 Ulixes.
1227 2045 1263 2093 45

186 2129 306 2213 pacifer
326 2128 400 2194 huic
422 2127 551 2194 dederat
573 2128 681 2194 florem
703 2128 866 2212 Cyllenius
888 2130 1008 2194 album:

187 2233 273 2315 moly
295 2238 411 2298 vocant
432 2232 551 2317 superi3
574 2231 666 2315 nigra
687 2228 794 2297 radice
815 2238 947 2296 tenetur.

186 2341 272 2400 tutus
294 2354 331 2399 eo
352 2335 541 2417 monitisque
563 2334 655 2399 simul
678 2334 865 2399 caelestibus
886 2334 982 2399 intrat

187 2438 239 2503 ille
261 2436 388 2502 domum
411 2437 531 2523 Giroes;
554 2443 586 2502 et
607 2436 649 2502 ad
670 2437 823 2504 insidiosa
844 2443 973 2503 vocatus

186 2541 299 2625 pocula
321 2546 487 2605 conantem
509 2540 601 2625 virga
622 2542 759 2607 mulcere
782 2541 910 2625 capillos

187 2643 322 2727 reppulit
344 2648 375 2708 et
397 2643 504 2709 stricto
525 2643 675 2728 pavidam
698 2643 848 2709 deterruit
871 2663 955 2710 ense.

187 2745 261 2811 inde
282 2744 362 2811 fides
383 2744 577 2827 dextraeque
600 2745 694 2811 datae
715 2746 917 2829 thalamoque
937 2752 1081 2830 receptus

186 2847 324 2931 coniugii
346 2846 451 2913 dotem
474 2849 627 2914 sociorum
650 2869 780 2934 corpora
801 2849 911 2934 poscit.

187 2951 365 3035 spargimur
385 2951 513 3034 ignotae
535 2950 619 3017 sucis
639 2952 820 3017 melioribus
842 2946 959 3017 herhae

187 3053 439 3138 percutimurque
461 3061 556 3139 eaput
578 3070 748 3121 conversae
770 3056 902 3120 verhere
923 3054 1033 3138 virgae

187 3157 346 3238 verbaque
368 3150 514 3222 dicuutur
535 3156 627 3222 dietis
649 3157 805 3223 contraria
825 3154 939 3223 verbis.

188 3279 249 3341 quo
271 3258 372 3341 magis
395 3259 449 3324 illa
471 3260 564 3341 canit,
585 3261 688 3344 magis
709 3260 770 3325 hoc
792 3260 901 3325 tellure
922 3250 1018 3324 levati

187 3362 346 3444 erigimur,
369 3370 538 3446 saetaeque
560 3362 678 3429 cadunt
698 3363 875 3446 bifidosque
896 3363 1044 3445 relinquit
1154 3370 1161 3381 '

188 3465 267 3529 rima
287 3463 395 3549 pedes,
418 3466 552 3531 redeunt
572 3467 672 3532 umeri
695 3473 726 3531 et
749 3467 890 3532 subiecta
911 3466 1037 3532 lacertis

187 3568 336 3633 bracchia
357 3576 438 3634 suut.
476 3570 605 3635 flentem
628 3570 740 3635 flentes
762 3568 979 3654 amplectimur
1000 3569 1062 3653 ipsi

188 3670 415 3754 haeremusque
438 3671 527 3738 ducis
549 3673 637 3738 collo.
672 3692 732 3738 nec
753 3673 852 3737 verba
873 3671 968 3737 locuti

189 3773 252 3837 ulla
272 3774 377 3857 priora
398 3795 515 3857 sumus,
538 3796 633 3858 qnam
654 3796 712 3841 nos
733 3774 883 3840 testantia
904 3767 1031 3858 gratos?

241 3881 310 3926 Drios
322 3885 453 3938 rrrtqeto'u'hltc
467 3885 561 3939 &thiota
580 3886 618 3940 (Θ.
629 3886 712 3940 &traua
725 3885 748 3930 tn
762 3884 853 3939 lauria.)
1046 3877 1061 3929 7
