2934 4117
248 196 311 261 110
647 213 880 283 iltetomorpiyoieu.

246 386 353 451 Insula
375 407 490 451 nomen
512 386 609 452 habet
630 426 673 434 —
694 388 890 470 laterumque
912 393 1043 472 aparte
1065 387 1195 454 duorum
1271 400 1275 405 ’

247 489 376 573 porrigit
397 490 545 571 aequales
569 489 673 554 media
694 491 804 555 tellure
826 492 967 556 lacertos.
1112 482 1115 488 ’

246 592 309 655 huo
330 611 365 656 se
387 591 427 656 de
449 593 541 657 Latia
561 593 638 677 pinu
660 594 841 659 Phoebeius
863 594 976 677 anguis

247 695 377 759 eontulit
399 702 430 759 et
452 696 675 780 finemspeeie
698 697 833 762 caeleste
855 703 1015 780 resumpta
1070 706 1071 711 ’
1115 730 1118 735 <

248 797 383 863 luotibus
404 798 553 883 imposuit
575 800 724 882 venitque
747 798 888 864 salutifer
910 801 988 864 urbi.

516 979 571 1048 34.
594 982 655 1050 aa
677 982 857 1064 astiterit
879 983 1012 1063 ditatu.

291 1108 408 1173 Caesar
430 1107 463 1171 in
486 1109 564 1173 urbe
586 1107 744 1172 suadens
768 1115 823 1172 est.
848 1127 941 1190 quem
963 1108 1062 1173 Marte
1085 1116 1220 1193 togaque

247 1209 450 1294 praeeipuum
472 1229 535 1274 non
558 1210 642 1273 bella
664 1211 766 1294 magis
787 1209 877 1274 finita
899 1210 1065 1295 triumphis

248 1332 360 1395 resque
383 1312 467 1377 domi
488 1319 599 1396 gesta-e
621 1321 849 1397 properataque
870 1312 970 1397 gloria
991 1335 1094 1379 rerum

247 1415 281 1479 in
303 1415 390 1481 sidus
412 1422 535 1480 vertere
557 1435 674 1480 novum
696 1416 882 1498 stellamque
905 1424 1090 1500 comantem,

249 1537 343 1600 quam
366 1537 423 1583 sua
444 1519 621 1602 progenies.
643 1518 855 1601 nequeenim
878 1519 918 1584 de
941 1520 1085 1585 Caesaris
1108 1523 1187 1587 antis

249 1621 345 1685 ullum
367 1622 468 1686 maius
490 1641 579 1705 opus,
603 1642 696 1704 quam
720 1618 803 1704 quod
825 1627 916 1706 pater
938 1623 1059 1688 exstitit
1081 1623 1181 1689 liuius.

248 1724 368 1789 soilioet
389 1743 560 1807 aequoreos
581 1725 652 1809 plus
675 1731 723 1789 est
746 1724 904 1790 domuisse
921 1726 1094 1791 ‘Britannos
1231 1808 1233 1811 ι

248 1847 366 1912 perque
388 1827 561 1912 papyriferi
583 1828 770 1911 septemflua
790 1827 921 1893 flumina
942 1829 1007 1893 Nili
1122 1848 1126 1852 “

248 1931 392 1996 viatriees
414 1932 518 2014 egisse
539 1937 624 1996 rates
646 1932 863 2014 Numidasque
884 1931 1018 1998 rebelles
1232 2009 1233 2012 Ἴ

250 2034 504 2118 Cinyphiumque
525 2035 636 2100 Iubam
658 2034 928 2117 Mithridateisque
951 2040 1123 2109 tumentem

248 2136 427 2202 nominibus
448 2139 582 2202 Pontum
605 2138 719 2223 populo
742 2137 895 2203 adiecisse
918 2137 1040 2215 Quirini
1116 2150 1129 2156 “

249 2244 281 2304 et
302 2239 415 2304 multos
437 2239 597 2321 meruisse,
619 2241 742 2322 aliquos
764 2239 868 2325 egisse
889 2240 1071 2326 triumphos,

250 2362 343 2425 quam
365 2349 487 2407 tantum
507 2344 656 2427 vgenuisse
678 2345 803 2409 virum?
827 2365 887 2427 quo
908 2345 1053 2430 praeside
1075 2367 1174 2410 rerum

248 2446 385 2510 humano
406 2447 525 2528 generi,
548 2447 661 2530 superi,
685 2447 809 2512 favistis
831 2447 967 2513 abunde.

249 2567 290 2612 ne
312 2548 392 2613 foret
413 2549 465 2613 hio
486 2550 582 2633 igitur
604 2550 727 2614 mortali
750 2550 871 2615 semine
893 2557 1005 2634 eretus,

249 2651 300 2715 ille
323 2650 401 2716 deus
422 2651 586 2718 faciendus
609 2659 684 2717 erat.
709 2653 793 2736 quod
816 2660 850 2718 ut
871 2674 967 2719 aurea
989 2655 1068 2719 vidit

249 2755 377 2819 Aeneae
398 2756 553 2838 genetrix,
575 2754 656 2819 vidit
678 2776 802 2838 quoque
824 2756 912 2822 triste
933 2758 1036 2841 parari

249 2858 388 2942 pontifici
411 2859 507 2923 letum
529 2865 561 2922 et
584 2859 744 2924 coniurata
765 2880 854 2923 arma
875 2862 1002 2943 moveri,
1139 2848 1141 2851 ⁵

249 2961 360 3045 palluit
382 2967 414 3024 et
436 2961 565 3042 eunetis,
587 2967 622 3025 ut
645 2961 757 3044 euique
780 2969 847 3027 erat
869 2964 971 3044 obvia,
995 2963 1076 3030 divis

249 3057 410 3147 ‘adspice'
432 3062 556 3128 dicebat
578 3056 708 3145 ‘quanta
728 3064 806 3129 mihi
829 3066 911 3130 mole
932 3073 1081 3150 parentur

250 3165 382 3230 insidiae
405 3171 585 3248 quantaque
608 3174 701 3250 eaput
725 3186 795 3231 oum
817 3164 928 3233 fraude
950 3175 1083 3252 petatur,

251 3268 333 3351 quod
355 3267 395 3333 de
416 3267 577 3333 Dardanio
598 3270 700 3333 solum
722 3268 799 3334 mihi
821 3276 918 3335 restat
940 3272 1016 3336 Iulo.

249 3372 356 3436 solane
379 3390 504 3455 semper
526 3390 579 3436 ero
600 3371 691 3437 iustis
712 3373 853 3436 exercita
876 3374 967 3456 euris,

250 3494 343 3557 quarn
365 3471 458 3538 modo
479 3472 625 3557 Tydidae
647 3474 824 3558 Calydonia
845 3474 988 3540 vulneret
1010 3476 1111 3560 hasta,

250 3596 334 3640 nuno
355 3575 437 3639 male
459 3574 609 3641 defensae
631 3577 826 3642 confundant
848 3580 973 3643 moenia
992 3580 1116 3662 Troiae,

251 3697 331 3758 quae
352 3676 478 3741 videam
499 3683 609 3742 natum
630 3678 733 3763 longis
756 3681 911 3746 erroribus
933 3687 1037 3746 aetum

251 3779 421 3863 iactarique
443 3779 524 3844 freto
545 3780 699 3864 sedesque
721 3782 837 3849 intrare
854 3783 1006 3852 silentum
1120 3792 1123 3805 “
