<?xml version="1.0" encoding="UTF-8"?>
<!DOCTYPE html PUBLIC "-//W3C//DTD XHTML 1.0 Transitional//EN"
    "http://www.w3.org/TR/xhtml1/DTD/xhtml1-transitional.dtd">
<html xmlns="http://www.w3.org/1999/xhtml" xml:lang="en" lang="en">
 <head>
  <title>
</title>
<meta http-equiv="Content-Type" content="text/html;charset=utf-8" />
  <meta name='ocr-system' content='tesseract 3.04.00' />
  <meta name='ocr-capabilities' content='ocr_page ocr_carea ocr_par ocr_line ocrx_word'/>
</head>
<body>
  <div class='ocr_page' id='page_1' title='image "ausgewhltegedic00sedlgoog_0113.png"; bbox 0 0 2934 4117; ppageno 0'>
   <div class='ocr_carea' id='block_1_1' title="bbox 382 180 1219 265">
    <p class='ocr_par' dir='ltr' id='par_1_1' title="bbox 382 180 1219 265">
     <span class='ocr_line' id='line_1_1' title="bbox 382 180 1219 265; baseline 0.004 -15"><span class='ocrx_word' id='word_1_1' title='bbox 382 198 423 251; x_wconf 82' lang='grc'>28.</span> <span class='ocrx_word' id='word_1_2' title='bbox 442 195 496 250; x_wconf 64' lang='lat' dir='ltr'>dict</span> <span class='ocrx_word' id='word_1_3' title='bbox 514 194 599 252; x_wconf 62' lang='lat' dir='ltr'>&amp;tecit</span> <span class='ocrx_word' id='word_1_4' title='bbox 617 210 662 251; x_wconf 83' lang='lat' dir='ltr'>not</span> <span class='ocrx_word' id='word_1_5' title='bbox 680 195 718 250; x_wconf 83' lang='lat' dir='ltr'>oie</span> <span class='ocrx_word' id='word_1_6' title='bbox 736 194 835 265; x_wconf 64' lang='lat' dir='ltr'>dssoffcn</span> <span class='ocrx_word' id='word_1_7' title='bbox 854 195 897 251; x_wconf 75' lang='lat' dir='ltr'>oct</span> <span class='ocrx_word' id='word_1_8' title='bbox 915 195 1027 264; x_wconf 64' lang='lat' dir='ltr'>druides.</span> <span class='ocrx_word' id='word_1_9' title='bbox 1178 180 1219 245; x_wconf 80' lang='grc'>85</span> 
     </span>
    </p>
   </div>
   <div class='ocr_carea' id='block_1_2' title="bbox 187 369 1204 2001">
    <p class='ocr_par' dir='ltr' id='par_1_2' title="bbox 190 369 1048 556">
     <span class='ocr_line' id='line_1_2' title="bbox 190 369 1011 451; baseline 0.002 -17"><span class='ocrx_word' id='word_1_10' title='bbox 190 389 250 451; x_wconf 93' lang='lat' dir='ltr'>quo</span> <span class='ocrx_word' id='word_1_11' title='bbox 273 369 468 434; x_wconf 88' lang='lat' dir='ltr'>cumvictus</span> <span class='ocrx_word' id='word_1_12' title='bbox 491 369 559 450; x_wconf 85' lang='lat' dir='ltr'>erit,</span> <span class='ocrx_word' id='word_1_13' title='bbox 582 389 705 433; x_wconf 90' lang='lat' dir='ltr'>mecum</span> <span class='ocrx_word' id='word_1_14' title='bbox 728 375 864 435; x_wconf 78' lang='lat' dir='ltr'>certasse</span> <span class='ocrx_word' id='word_1_15' title='bbox 886 369 1011 436; x_wconf 85' lang='lat' dir='ltr'>feretur.</span> 
     </span>
     <span class='ocr_line' id='line_1_3' title="bbox 231 472 1048 556; baseline 0.002 -20"><span class='ocrx_word' id='word_1_16' title='bbox 231 473 335 555; x_wconf 83' lang='lat' dir='ltr'><strong>Atque</strong></span> <span class='ocrx_word' id='word_1_17' title='bbox 359 492 427 556; x_wconf 85' lang='lat' dir='ltr'>ego,</span> <span class='ocrx_word' id='word_1_18' title='bbox 451 472 477 537; x_wconf 91' lang='lat' dir='ltr'>si</span> <span class='ocrx_word' id='word_1_19' title='bbox 500 472 599 537; x_wconf 90' lang='lat' dir='ltr'>virtus</span> <span class='ocrx_word' id='word_1_20' title='bbox 620 472 653 536; x_wconf 92' lang='lat' dir='ltr'>in</span> <span class='ocrx_word' id='word_1_21' title='bbox 676 492 727 537; x_wconf 89' lang='lat' dir='ltr'>mc</span> <span class='ocrx_word' id='word_1_22' title='bbox 749 472 931 539; x_wconf 88' lang='lat' dir='ltr'>dubitabilis</span> <span class='ocrx_word' id='word_1_23' title='bbox 955 481 1048 556; x_wconf 84' lang='lat' dir='ltr'>esset,</span> 
     </span>
    </p>

    <p class='ocr_par' dir='ltr' id='par_1_3' title="bbox 189 575 968 660">
     <span class='ocr_line' id='line_1_4' title="bbox 189 575 968 660; baseline 0.003 -21"><span class='ocrx_word' id='word_1_24' title='bbox 189 575 351 640; x_wconf 87' lang='lat' dir='ltr'>nobilitate</span> <span class='ocrx_word' id='word_1_25' title='bbox 373 581 485 660; x_wconf 89' lang='lat' dir='ltr'>potens</span> <span class='ocrx_word' id='word_1_26' title='bbox 509 595 620 656; x_wconf 85' lang='lat' dir='ltr'>essem,</span> <span class='ocrx_word' id='word_1_27' title='bbox 643 576 813 641; x_wconf 80' lang='lat' dir='ltr'>Telamone</span> <span class='ocrx_word' id='word_1_28' title='bbox 837 583 968 658; x_wconf 85' lang='lat' dir='ltr'>creatus,</span> 
     </span>
    </p>

    <p class='ocr_par' dir='ltr' id='par_1_4' title="bbox 189 677 990 765">
     <span class='ocr_line' id='line_1_5' title="bbox 189 677 990 765; baseline 0.004 -23"><span class='ocrx_word' id='word_1_29' title='bbox 189 678 313 743; x_wconf 89' lang='lat' dir='ltr'>moenia</span> <span class='ocrx_word' id='word_1_30' title='bbox 334 678 389 761; x_wconf 91' lang='lat' dir='ltr'>qui</span> <span class='ocrx_word' id='word_1_31' title='bbox 411 677 483 743; x_wconf 85' lang='lat' dir='ltr'>forti</span> <span class='ocrx_word' id='word_1_32' title='bbox 506 678 644 743; x_wconf 86' lang='lat' dir='ltr'>Troiana</span> <span class='ocrx_word' id='word_1_33' title='bbox 667 681 724 743; x_wconf 89' lang='lat' dir='ltr'>sub</span> <span class='ocrx_word' id='word_1_34' title='bbox 748 679 883 745; x_wconf 86' lang='lat' dir='ltr'>Hercule</span> <span class='ocrx_word' id='word_1_35' title='bbox 907 681 990 765; x_wconf 89' lang='lat' dir='ltr'>cepit</span> 
     </span>
    </p>

    <p class='ocr_par' dir='ltr' id='par_1_5' title="bbox 189 776 955 865">
     <span class='ocr_line' id='line_1_6' title="bbox 189 776 955 865; baseline 0.004 -21"><span class='ocrx_word' id='word_1_36' title='bbox 189 776 340 864; x_wconf 83' lang='lat' dir='ltr'>litoraque</span> <span class='ocrx_word' id='word_1_37' title='bbox 362 780 492 846; x_wconf 90' lang='lat' dir='ltr'>intravit</span> <span class='ocrx_word' id='word_1_38' title='bbox 514 781 677 865; x_wconf 80' lang='lat' dir='ltr'>Pagasaea</span> <span class='ocrx_word' id='word_1_39' title='bbox 700 781 817 847; x_wconf 79' lang='lat' dir='ltr'>Colcha</span> <span class='ocrx_word' id='word_1_40' title='bbox 841 783 955 847; x_wconf 86' lang='lat' dir='ltr'>carina.</span> 
     </span>
    </p>

    <p class='ocr_par' dir='ltr' id='par_1_6' title="bbox 190 884 1039 967">
     <span class='ocr_line' id='line_1_7' title="bbox 190 884 1039 967; baseline 0.005 -20"><span class='ocrx_word' id='word_1_41' title='bbox 190 885 311 949; x_wconf 83' lang='lat' dir='ltr'>Aeacus</span> <span class='ocrx_word' id='word_1_42' title='bbox 333 884 407 948; x_wconf 88' lang='lat' dir='ltr'>huic</span> <span class='ocrx_word' id='word_1_43' title='bbox 428 890 517 967; x_wconf 90' lang='lat' dir='ltr'>pater</span> <span class='ocrx_word' id='word_1_44' title='bbox 541 891 597 965; x_wconf 88' lang='lat' dir='ltr'>est,</span> <span class='ocrx_word' id='word_1_45' title='bbox 622 884 675 966; x_wconf 93' lang='lat' dir='ltr'>qui</span> <span class='ocrx_word' id='word_1_46' title='bbox 697 884 767 949; x_wconf 88' lang='lat' dir='ltr'>iura</span> <span class='ocrx_word' id='word_1_47' title='bbox 789 885 953 951; x_wconf 84' lang='lat' dir='ltr'>silentibus</span> <span class='ocrx_word' id='word_1_48' title='bbox 974 887 1039 951; x_wconf 93' lang='lat' dir='ltr'>illic</span> 
     </span>
    </p>

    <p class='ocr_par' dir='ltr' id='par_1_7' title="bbox 188 986 1111 1073">
     <span class='ocr_line' id='line_1_8' title="bbox 188 986 1111 1073; baseline 0.002 -22"><span class='ocrx_word' id='word_1_49' title='bbox 188 986 300 1067; x_wconf 85' lang='lat' dir='ltr'>reddit,</span> <span class='ocrx_word' id='word_1_50' title='bbox 323 986 377 1050; x_wconf 94' lang='lat' dir='ltr'>ubi</span> <span class='ocrx_word' id='word_1_51' title='bbox 398 986 552 1051; x_wconf 82' lang='lat' dir='ltr'>Aeoliden</span> <span class='ocrx_word' id='word_1_52' title='bbox 576 1007 689 1052; x_wconf 89' lang='lat' dir='ltr'>saxum</span> <span class='ocrx_word' id='word_1_53' title='bbox 710 1007 808 1070; x_wconf 82' lang='lat' dir='ltr'>grave</span> <span class='ocrx_word' id='word_1_54' title='bbox 831 989 990 1072; x_wconf 85' lang='lat' dir='ltr'>Sisyphon</span> <span class='ocrx_word' id='word_1_55' title='bbox 1013 998 1111 1073; x_wconf 84' lang='lat' dir='ltr'>urget.</span> 
     </span>
    </p>

    <p class='ocr_par' dir='ltr' id='par_1_8' title="bbox 188 1090 986 1174">
     <span class='ocr_line' id='line_1_9' title="bbox 188 1090 986 1174; baseline 0.004 -19"><span class='ocrx_word' id='word_1_56' title='bbox 188 1090 315 1155; x_wconf 84' lang='lat' dir='ltr'>Aeacon</span> <span class='ocrx_word' id='word_1_57' title='bbox 337 1091 481 1174; x_wconf 79' lang='lat' dir='ltr'>agnoscit</span> <span class='ocrx_word' id='word_1_58' title='bbox 503 1111 643 1156; x_wconf 91' lang='lat' dir='ltr'>summus</span> <span class='ocrx_word' id='word_1_59' title='bbox 665 1092 847 1174; x_wconf 88' lang='lat' dir='ltr'>prolemque</span> <span class='ocrx_word' id='word_1_60' title='bbox 869 1091 986 1158; x_wconf 85' lang='lat' dir='ltr'>fatetur</span> 
     </span>
    </p>

    <p class='ocr_par' dir='ltr' id='par_1_9' title="bbox 189 1193 1004 1279">
     <span class='ocr_line' id='line_1_10' title="bbox 189 1193 1004 1279; baseline 0.004 -22"><span class='ocrx_word' id='word_1_61' title='bbox 189 1193 332 1279; x_wconf 89' lang='lat' dir='ltr'>luppiter</span> <span class='ocrx_word' id='word_1_62' title='bbox 354 1213 424 1259; x_wconf 87' lang='lat' dir='ltr'>csse</span> <span class='ocrx_word' id='word_1_63' title='bbox 447 1213 549 1258; x_wconf 89' lang='lat' dir='ltr'>suam:</span> <span class='ocrx_word' id='word_1_64' title='bbox 574 1193 619 1259; x_wconf 89' lang='lat' dir='ltr'>sic</span> <span class='ocrx_word' id='word_1_65' title='bbox 641 1214 661 1258; x_wconf 91' lang='lat' dir='ltr'>a</span> <span class='ocrx_word' id='word_1_66' title='bbox 682 1195 758 1259; x_wconf 92' lang='lat' dir='ltr'>Iove</span> <span class='ocrx_word' id='word_1_67' title='bbox 781 1195 890 1260; x_wconf 88' lang='lat' dir='ltr'>tertius</span> <span class='ocrx_word' id='word_1_68' title='bbox 912 1195 1004 1260; x_wconf 83' lang='lat' dir='ltr'>Aiax.</span> 
     </span>
    </p>

    <p class='ocr_par' dir='ltr' id='par_1_10' title="bbox 188 1296 1076 1382">
     <span class='ocr_line' id='line_1_11' title="bbox 188 1296 1076 1382; baseline 0.001 -21"><span class='ocrx_word' id='word_1_69' title='bbox 188 1316 246 1362; x_wconf 87' lang='lat' dir='ltr'>uec</span> <span class='ocrx_word' id='word_1_70' title='bbox 268 1302 373 1361; x_wconf 88' lang='lat' dir='ltr'>tamen</span> <span class='ocrx_word' id='word_1_71' title='bbox 396 1296 475 1362; x_wconf 89' lang='lat' dir='ltr'>haec</span> <span class='ocrx_word' id='word_1_72' title='bbox 497 1296 594 1362; x_wconf 85' lang='lat' dir='ltr'>series</span> <span class='ocrx_word' id='word_1_73' title='bbox 616 1297 648 1361; x_wconf 91' lang='lat' dir='ltr'>in</span> <span class='ocrx_word' id='word_1_74' title='bbox 672 1317 800 1362; x_wconf 89' lang='lat' dir='ltr'>causam</span> <span class='ocrx_word' id='word_1_75' title='bbox 821 1298 929 1382; x_wconf 86' lang='lat' dir='ltr'>prosit,</span> <span class='ocrx_word' id='word_1_76' title='bbox 953 1298 1076 1380; x_wconf 84' lang='lat' dir='ltr'>Achivi,</span> 
     </span>
    </p>

    <p class='ocr_par' dir='ltr' id='par_1_11' title="bbox 188 1400 1050 1484">
     <span class='ocr_line' id='line_1_12' title="bbox 188 1400 1050 1484; baseline 0 -19"><span class='ocrx_word' id='word_1_77' title='bbox 188 1400 215 1465; x_wconf 90' lang='lat' dir='ltr'>si</span> <span class='ocrx_word' id='word_1_78' title='bbox 236 1400 314 1464; x_wconf 91' lang='lat' dir='ltr'>mihi</span> <span class='ocrx_word' id='word_1_79' title='bbox 337 1420 407 1464; x_wconf 89' lang='lat' dir='ltr'>cum</span> <span class='ocrx_word' id='word_1_80' title='bbox 429 1420 545 1484; x_wconf 73' lang='lat' dir='ltr'>magno</span> <span class='ocrx_word' id='word_1_81' title='bbox 568 1420 631 1465; x_wconf 89' lang='lat' dir='ltr'>uon</span> <span class='ocrx_word' id='word_1_82' title='bbox 654 1406 702 1466; x_wconf 87' lang='lat' dir='ltr'>cst</span> <span class='ocrx_word' id='word_1_83' title='bbox 724 1401 898 1466; x_wconf 88' lang='lat' dir='ltr'>communis</span> <span class='ocrx_word' id='word_1_84' title='bbox 920 1400 1050 1467; x_wconf 88' lang='lat' dir='ltr'>Achille.</span> 
     </span>
    </p>

    <p class='ocr_par' dir='ltr' id='par_1_12' title="bbox 188 1502 1204 1587">
     <span class='ocr_line' id='line_1_13' title="bbox 188 1502 1204 1587; baseline 0.002 -20"><span class='ocrx_word' id='word_1_85' title='bbox 188 1503 285 1568; x_wconf 86' lang='lat' dir='ltr'>frater</span> <span class='ocrx_word' id='word_1_86' title='bbox 307 1511 386 1567; x_wconf 91' lang='lat' dir='ltr'>erat:</span> <span class='ocrx_word' id='word_1_87' title='bbox 411 1502 549 1579; x_wconf 85' lang='lat' dir='ltr'>fraterna</span> <span class='ocrx_word' id='word_1_88' title='bbox 571 1510 654 1587; x_wconf 79' lang='lat' dir='ltr'>peto,</span> <span class='ocrx_word' id='word_1_89' title='bbox 693 1502 768 1586; x_wconf 92' lang='lat' dir='ltr'>quid</span> <span class='ocrx_word' id='word_1_90' title='bbox 791 1504 945 1587; x_wconf 81' lang='lat' dir='ltr'>sanguine</span> <span class='ocrx_word' id='word_1_91' title='bbox 968 1510 1070 1569; x_wconf 86' lang='lat' dir='ltr'>cretus</span> <span class='ocrx_word' id='word_1_92' title='bbox 1100 1557 1102 1561; x_wconf 62' lang='grc'>,</span> <span class='ocrx_word' id='word_1_93' title='bbox 1202 1543 1204 1551; x_wconf 39' lang='lat' dir='ltr'><em>s</em></span> 
     </span>
    </p>

    <p class='ocr_par' dir='ltr' id='par_1_13' title="bbox 187 1605 962 1691">
     <span class='ocr_line' id='line_1_14' title="bbox 187 1605 962 1691; baseline -0.001 -17"><span class='ocrx_word' id='word_1_94' title='bbox 187 1606 335 1691; x_wconf 84' lang='lat' dir='ltr'>Sisyphio</span> <span class='ocrx_word' id='word_1_95' title='bbox 358 1607 511 1688; x_wconf 83' lang='lat' dir='ltr'>furtisque</span> <span class='ocrx_word' id='word_1_96' title='bbox 534 1613 565 1672; x_wconf 88' lang='lat' dir='ltr'>ct</span> <span class='ocrx_word' id='word_1_97' title='bbox 586 1605 698 1672; x_wconf 83' lang='lat' dir='ltr'>fraude</span> <span class='ocrx_word' id='word_1_98' title='bbox 720 1607 895 1673; x_wconf 89' lang='lat' dir='ltr'>simillimus</span> <span class='ocrx_word' id='word_1_99' title='bbox 917 1608 962 1673; x_wconf 91' lang='lat' dir='ltr'>illi</span> 
     </span>
    </p>

    <p class='ocr_par' dir='ltr' id='par_1_14' title="bbox 188 1710 906 1795">
     <span class='ocr_line' id='line_1_15' title="bbox 188 1710 906 1795; baseline 0.004 -21"><span class='ocrx_word' id='word_1_100' title='bbox 188 1711 297 1776; x_wconf 90' lang='lat' dir='ltr'>inserit</span> <span class='ocrx_word' id='word_1_101' title='bbox 317 1710 465 1775; x_wconf 81' lang='lat' dir='ltr'>Aeacidis</span> <span class='ocrx_word' id='word_1_102' title='bbox 486 1710 609 1776; x_wconf 85' lang='lat' dir='ltr'>alienae</span> <span class='ocrx_word' id='word_1_103' title='bbox 631 1711 760 1776; x_wconf 87' lang='lat' dir='ltr'>nomina</span> <span class='ocrx_word' id='word_1_104' title='bbox 781 1712 906 1795; x_wconf 84' lang='lat' dir='ltr'>gentis?</span> 
     </span>
    </p>

    <p class='ocr_par' dir='ltr' id='par_1_15' title="bbox 187 1812 1086 1898">
     <span class='ocr_line' id='line_1_16' title="bbox 187 1812 1086 1898; baseline -0.001 -20"><span class='ocrx_word' id='word_1_105' title='bbox 187 1835 228 1878; x_wconf 91' lang='lat' dir='ltr'>au</span> <span class='ocrx_word' id='word_1_106' title='bbox 251 1812 334 1897; x_wconf 92' lang='lat' dir='ltr'>quod</span> <span class='ocrx_word' id='word_1_107' title='bbox 355 1813 388 1877; x_wconf 92' lang='lat' dir='ltr'>in</span> <span class='ocrx_word' id='word_1_108' title='bbox 410 1834 498 1877; x_wconf 87' lang='lat' dir='ltr'>arma</span> <span class='ocrx_word' id='word_1_109' title='bbox 519 1814 604 1898; x_wconf 90' lang='lat' dir='ltr'>prior</span> <span class='ocrx_word' id='word_1_110' title='bbox 626 1815 773 1897; x_wconf 92' lang='lat' dir='ltr'>nulloque</span> <span class='ocrx_word' id='word_1_111' title='bbox 795 1815 853 1880; x_wconf 86' lang='lat' dir='ltr'>sub</span> <span class='ocrx_word' id='word_1_112' title='bbox 876 1813 980 1879; x_wconf 90' lang='lat' dir='ltr'>indice</span> <span class='ocrx_word' id='word_1_113' title='bbox 1003 1813 1086 1894; x_wconf 88' lang='lat' dir='ltr'>veni,</span> 
     </span>
    </p>

    <p class='ocr_par' dir='ltr' id='par_1_16' title="bbox 187 1915 1011 2001">
     <span class='ocr_line' id='line_1_17' title="bbox 187 1915 1011 2001; baseline 0.001 -20"><span class='ocrx_word' id='word_1_114' title='bbox 187 1937 274 1981; x_wconf 89' lang='lat' dir='ltr'>arma</span> <span class='ocrx_word' id='word_1_115' title='bbox 295 1915 442 2000; x_wconf 83' lang='lat' dir='ltr'>neganda</span> <span class='ocrx_word' id='word_1_116' title='bbox 465 1917 563 1980; x_wconf 81' lang='lat' dir='ltr'>milri?</span> <span class='ocrx_word' id='word_1_117' title='bbox 585 1917 749 2001; x_wconf 89' lang='lat' dir='ltr'>potiorque</span> <span class='ocrx_word' id='word_1_118' title='bbox 771 1916 928 1982; x_wconf 89' lang='lat' dir='ltr'>videbitur</span> <span class='ocrx_word' id='word_1_119' title='bbox 950 1917 1011 1996; x_wconf 87' lang='lat' dir='ltr'>ille,</span> 
     </span>
    </p>
   </div>
   <div class='ocr_carea' id='block_1_3' title="bbox 62 2019 875 2113">
    <p class='ocr_par' dir='ltr' id='par_1_17' title="bbox 62 2019 875 2113">
     <span class='ocr_line' id='line_1_18' title="bbox 62 2019 875 2113; baseline 0 -29"><span class='ocrx_word' id='word_1_120' title='bbox 62 2108 64 2113; x_wconf 23' lang='grc' dir='ltr'>Ι</span> <span class='ocrx_word' id='word_1_121' title='bbox 187 2019 296 2084; x_wconf 89' lang='lat' dir='ltr'>ultima</span> <span class='ocrx_word' id='word_1_122' title='bbox 318 2020 372 2102; x_wconf 91' lang='lat' dir='ltr'>qui</span> <span class='ocrx_word' id='word_1_123' title='bbox 395 2021 477 2103; x_wconf 87' lang='lat' dir='ltr'>cepit</span> <span class='ocrx_word' id='word_1_124' title='bbox 499 2019 748 2103; x_wconf 79' lang='lat' dir='ltr'>detrectavitque</span> <span class='ocrx_word' id='word_1_125' title='bbox 771 2020 875 2085; x_wconf 82' lang='lat' dir='ltr'>furore</span> 
     </span>
    </p>
   </div>
   <div class='ocr_carea' id='block_1_4' title="bbox 148 2121 1144 3853">
    <p class='ocr_par' dir='ltr' id='par_1_18' title="bbox 187 2121 821 2205">
     <span class='ocr_line' id='line_1_19' title="bbox 187 2121 821 2205; baseline 0.005 -19"><span class='ocrx_word' id='word_1_126' title='bbox 187 2122 328 2187; x_wconf 92' lang='lat' dir='ltr'>militiam</span> <span class='ocrx_word' id='word_1_127' title='bbox 349 2122 432 2203; x_wconf 88' lang='lat' dir='ltr'>ficto,</span> <span class='ocrx_word' id='word_1_128' title='bbox 456 2121 556 2188; x_wconf 90' lang='lat' dir='ltr'>donec</span> <span class='ocrx_word' id='word_1_129' title='bbox 578 2123 729 2189; x_wconf 91' lang='lat' dir='ltr'>sollertior</span> <span class='ocrx_word' id='word_1_130' title='bbox 750 2124 821 2205; x_wconf 90' lang='lat' dir='ltr'>isto,</span> 
     </span>
    </p>

    <p class='ocr_par' dir='ltr' id='par_1_19' title="bbox 186 2224 1001 2516">
     <span class='ocr_line' id='line_1_20' title="bbox 187 2224 947 2292; baseline 0 -1"><span class='ocrx_word' id='word_1_131' title='bbox 187 2224 243 2291; x_wconf 87' lang='lat' dir='ltr'>scd</span> <span class='ocrx_word' id='word_1_132' title='bbox 266 2225 325 2291; x_wconf 93' lang='lat' dir='ltr'>sibi</span> <span class='ocrx_word' id='word_1_133' title='bbox 347 2225 486 2290; x_wconf 90' lang='lat' dir='ltr'>inutilior</span> <span class='ocrx_word' id='word_1_134' title='bbox 507 2225 609 2290; x_wconf 89' lang='lat' dir='ltr'>timidi</span> <span class='ocrx_word' id='word_1_135' title='bbox 632 2233 810 2292; x_wconf 87' lang='lat' dir='ltr'>commenta</span> <span class='ocrx_word' id='word_1_136' title='bbox 831 2227 947 2292; x_wconf 82' lang='lat' dir='ltr'>retexit</span> 
     </span>
     <span class='ocr_line' id='line_1_21' title="bbox 186 2326 1001 2413; baseline 0 -20"><span class='ocrx_word' id='word_1_137' title='bbox 186 2326 380 2413; x_wconf 88' lang='lat' dir='ltr'>Naupliades</span> <span class='ocrx_word' id='word_1_138' title='bbox 402 2329 498 2394; x_wconf 89' lang='lat' dir='ltr'>animi</span> <span class='ocrx_word' id='word_1_139' title='bbox 521 2330 683 2412; x_wconf 84' lang='lat' dir='ltr'>vitataque</span> <span class='ocrx_word' id='word_1_140' title='bbox 705 2331 803 2394; x_wconf 84' lang='lat' dir='ltr'>traxit</span> <span class='ocrx_word' id='word_1_141' title='bbox 824 2329 867 2395; x_wconf 89' lang='lat' dir='ltr'>ad</span> <span class='ocrx_word' id='word_1_142' title='bbox 888 2330 1001 2394; x_wconf 77' lang='lat' dir='ltr'>arma?</span> 
     </span>
     <span class='ocr_line' id='line_1_22' title="bbox 187 2432 996 2516; baseline -0.002 -19"><span class='ocrx_word' id='word_1_143' title='bbox 187 2433 304 2516; x_wconf 87' lang='lat' dir='ltr'>optima</span> <span class='ocrx_word' id='word_1_144' title='bbox 325 2453 399 2496; x_wconf 90' lang='lat' dir='ltr'>num</span> <span class='ocrx_word' id='word_1_145' title='bbox 423 2438 535 2513; x_wconf 87' lang='lat' dir='ltr'>sumat,</span> <span class='ocrx_word' id='word_1_146' title='bbox 558 2433 632 2515; x_wconf 87' lang='lat' dir='ltr'>quia</span> <span class='ocrx_word' id='word_1_147' title='bbox 654 2452 778 2498; x_wconf 89' lang='lat' dir='ltr'>sumere</span> <span class='ocrx_word' id='word_1_148' title='bbox 799 2432 898 2498; x_wconf 92' lang='lat' dir='ltr'>noluit</span> <span class='ocrx_word' id='word_1_149' title='bbox 920 2433 996 2496; x_wconf 87' lang='lat' dir='ltr'>ulla:</span> 
     </span>
    </p>

    <p class='ocr_par' dir='ltr' id='par_1_20' title="bbox 186 2534 923 2620">
     <span class='ocr_line' id='line_1_23' title="bbox 186 2534 923 2620; baseline -0.003 -20"><span class='ocrx_word' id='word_1_150' title='bbox 186 2555 243 2600; x_wconf 86' lang='lat' dir='ltr'>nos</span> <span class='ocrx_word' id='word_1_151' title='bbox 265 2534 441 2600; x_wconf 89' lang='lat' dir='ltr'>inhonorati</span> <span class='ocrx_word' id='word_1_152' title='bbox 465 2542 495 2599; x_wconf 91' lang='lat' dir='ltr'>et</span> <span class='ocrx_word' id='word_1_153' title='bbox 518 2534 608 2600; x_wconf 88' lang='lat' dir='ltr'>donis</span> <span class='ocrx_word' id='word_1_154' title='bbox 630 2535 824 2620; x_wconf 88' lang='lat' dir='ltr'>patruelibus</span> <span class='ocrx_word' id='word_1_155' title='bbox 846 2534 923 2616; x_wconf 92' lang='lat' dir='ltr'>orbi,</span> 
     </span>
    </p>

    <p class='ocr_par' dir='ltr' id='par_1_21' title="bbox 185 2637 1144 3339">
     <span class='ocr_line' id='line_1_24' title="bbox 186 2637 1028 2723; baseline -0.001 -20"><span class='ocrx_word' id='word_1_156' title='bbox 186 2638 353 2704; x_wconf 86' lang='lat' dir='ltr'>obtulimus</span> <span class='ocrx_word' id='word_1_157' title='bbox 376 2639 450 2720; x_wconf 89' lang='lat' dir='ltr'>quia</span> <span class='ocrx_word' id='word_1_158' title='bbox 471 2658 529 2704; x_wconf 90' lang='lat' dir='ltr'>nos</span> <span class='ocrx_word' id='word_1_159' title='bbox 550 2637 592 2703; x_wconf 92' lang='lat' dir='ltr'>ad</span> <span class='ocrx_word' id='word_1_160' title='bbox 614 2639 715 2723; x_wconf 90' lang='lat' dir='ltr'>prima</span> <span class='ocrx_word' id='word_1_161' title='bbox 737 2639 886 2722; x_wconf 89' lang='lat' dir='ltr'>pericula,</span> <span class='ocrx_word' id='word_1_162' title='bbox 910 2637 1028 2702; x_wconf 80' lang='lat' dir='ltr'>simus?</span> 
     </span>
     <span class='ocr_line' id='line_1_25' title="bbox 185 2739 1144 2824; baseline -0.001 -18"><span class='ocrx_word' id='word_1_163' title='bbox 185 2748 280 2824; x_wconf 88' lang='lat' dir='ltr'>atque</span> <span class='ocrx_word' id='word_1_164' title='bbox 302 2742 423 2806; x_wconf 88' lang='lat' dir='ltr'>utinam</span> <span class='ocrx_word' id='word_1_165' title='bbox 444 2748 499 2806; x_wconf 94' lang='lat' dir='ltr'>aut</span> <span class='ocrx_word' id='word_1_166' title='bbox 520 2761 613 2807; x_wconf 89' lang='lat' dir='ltr'>verus</span> <span class='ocrx_word' id='word_1_167' title='bbox 636 2741 721 2807; x_wconf 87' lang='lat' dir='ltr'>furor</span> <span class='ocrx_word' id='word_1_168' title='bbox 742 2741 796 2807; x_wconf 89' lang='lat' dir='ltr'>illc</span> <span class='ocrx_word' id='word_1_169' title='bbox 817 2747 871 2806; x_wconf 88' lang='lat' dir='ltr'>aut</span> <span class='ocrx_word' id='word_1_170' title='bbox 894 2739 1030 2805; x_wconf 88' lang='lat' dir='ltr'>creditus</span> <span class='ocrx_word' id='word_1_171' title='bbox 1053 2748 1144 2821; x_wconf 85' lang='lat' dir='ltr'>esset,</span> 
     </span>
     <span class='ocr_line' id='line_1_26' title="bbox 186 2841 1117 2928; baseline -0.003 -19"><span class='ocrx_word' id='word_1_172' title='bbox 186 2864 245 2909; x_wconf 91' lang='lat' dir='ltr'>neo</span> <span class='ocrx_word' id='word_1_173' title='bbox 267 2864 370 2910; x_wconf 90' lang='lat' dir='ltr'>comes</span> <span class='ocrx_word' id='word_1_174' title='bbox 392 2844 444 2909; x_wconf 90' lang='lat' dir='ltr'>hic</span> <span class='ocrx_word' id='word_1_175' title='bbox 466 2844 622 2928; x_wconf 81' lang='lat' dir='ltr'>Phrygias</span> <span class='ocrx_word' id='word_1_176' title='bbox 644 2865 782 2927; x_wconf 91' lang='lat' dir='ltr'>unquam</span> <span class='ocrx_word' id='word_1_177' title='bbox 805 2844 943 2909; x_wconf 89' lang='lat' dir='ltr'>venisset</span> <span class='ocrx_word' id='word_1_178' title='bbox 965 2841 1005 2906; x_wconf 87' lang='lat' dir='ltr'>ad</span> <span class='ocrx_word' id='word_1_179' title='bbox 1028 2862 1117 2907; x_wconf 88' lang='lat' dir='ltr'>arces</span> 
     </span>
     <span class='ocr_line' id='line_1_27' title="bbox 185 2945 971 3031; baseline -0.003 -19"><span class='ocrx_word' id='word_1_180' title='bbox 185 2948 323 3012; x_wconf 89' lang='lat' dir='ltr'>hortator</span> <span class='ocrx_word' id='word_1_181' title='bbox 345 2948 510 3012; x_wconf 87' lang='lat' dir='ltr'>sceleruml</span> <span class='ocrx_word' id='word_1_182' title='bbox 534 2968 597 3012; x_wconf 90' lang='lat' dir='ltr'>nou</span> <span class='ocrx_word' id='word_1_183' title='bbox 621 2953 661 3029; x_wconf 88' lang='lat' dir='ltr'>te,</span> <span class='ocrx_word' id='word_1_184' title='bbox 684 2947 837 3012; x_wconf 87' lang='lat' dir='ltr'>Poeantia</span> <span class='ocrx_word' id='word_1_185' title='bbox 858 2945 971 3031; x_wconf 86' lang='lat' dir='ltr'>proles,</span> 
     </span>
     <span class='ocr_line' id='line_1_28' title="bbox 186 3048 1059 3135; baseline -0.003 -19"><span class='ocrx_word' id='word_1_186' title='bbox 186 3050 361 3135; x_wconf 85' lang='lat' dir='ltr'>expositum</span> <span class='ocrx_word' id='word_1_187' title='bbox 384 3050 519 3116; x_wconf 88' lang='lat' dir='ltr'>Lemnos</span> <span class='ocrx_word' id='word_1_188' title='bbox 541 3056 646 3115; x_wconf 87' lang='lat' dir='ltr'>nostro</span> <span class='ocrx_word' id='word_1_189' title='bbox 669 3070 740 3114; x_wconf 92' lang='lat' dir='ltr'>cum</span> <span class='ocrx_word' id='word_1_190' title='bbox 764 3048 893 3115; x_wconf 83' lang='lat' dir='ltr'>crimine</span> <span class='ocrx_word' id='word_1_191' title='bbox 916 3048 1059 3113; x_wconf 87' lang='lat' dir='ltr'>haberet!</span> 
     </span>
     <span class='ocr_line' id='line_1_29' title="bbox 186 3149 1106 3237; baseline -0.003 -19"><span class='ocrx_word' id='word_1_192' title='bbox 186 3154 239 3237; x_wconf 89' lang='lat' dir='ltr'>qui</span> <span class='ocrx_word' id='word_1_193' title='bbox 261 3173 354 3235; x_wconf 84' lang='lat' dir='ltr'>nuno,</span> <span class='ocrx_word' id='word_1_194' title='bbox 377 3159 412 3217; x_wconf 91' lang='lat' dir='ltr'>ut</span> <span class='ocrx_word' id='word_1_195' title='bbox 433 3159 617 3233; x_wconf 88' lang='lat' dir='ltr'>memorant,</span> <span class='ocrx_word' id='word_1_196' title='bbox 640 3152 836 3217; x_wconf 88' lang='lat' dir='ltr'>silvestribus</span> <span class='ocrx_word' id='word_1_197' title='bbox 858 3149 985 3216; x_wconf 89' lang='lat' dir='ltr'>abditus</span> <span class='ocrx_word' id='word_1_198' title='bbox 1007 3150 1106 3215; x_wconf 87' lang='lat' dir='ltr'>antris</span> 
     </span>
     <span class='ocr_line' id='line_1_30' title="bbox 185 3253 976 3339; baseline -0.006 -17"><span class='ocrx_word' id='word_1_199' title='bbox 185 3276 264 3322; x_wconf 82' lang='lat' dir='ltr'>saxa</span> <span class='ocrx_word' id='word_1_200' title='bbox 286 3275 394 3321; x_wconf 91' lang='lat' dir='ltr'>moves</span> <span class='ocrx_word' id='word_1_201' title='bbox 416 3257 536 3339; x_wconf 81' lang='lat' dir='ltr'>gemitu</span> <span class='ocrx_word' id='word_1_202' title='bbox 558 3255 807 3336; x_wconf 71' lang='lat' dir='ltr'>Laertiadaeque</span> <span class='ocrx_word' id='word_1_203' title='bbox 830 3253 976 3338; x_wconf 87' lang='lat' dir='ltr'>precaris,</span> 
     </span>
    </p>

    <p class='ocr_par' dir='ltr' id='par_1_22' title="bbox 185 3357 1100 3540">
     <span class='ocr_line' id='line_1_31' title="bbox 185 3357 1100 3443; baseline -0.007 -18"><span class='ocrx_word' id='word_1_204' title='bbox 185 3379 266 3443; x_wconf 90' lang='lat' dir='ltr'>quae</span> <span class='ocrx_word' id='word_1_205' title='bbox 287 3359 414 3440; x_wconf 89' lang='lat' dir='ltr'>meruit;</span> <span class='ocrx_word' id='word_1_206' title='bbox 438 3378 529 3441; x_wconf 87' lang='lat' dir='ltr'>quae,</span> <span class='ocrx_word' id='word_1_207' title='bbox 553 3358 580 3424; x_wconf 88' lang='lat' dir='ltr'>si</span> <span class='ocrx_word' id='word_1_208' title='bbox 602 3357 635 3421; x_wconf 93' lang='lat' dir='ltr'>di</span> <span class='ocrx_word' id='word_1_209' title='bbox 658 3364 739 3438; x_wconf 82' lang='lat' dir='ltr'>sunt,</span> <span class='ocrx_word' id='word_1_210' title='bbox 764 3378 825 3422; x_wconf 90' lang='lat' dir='ltr'>nou</span> <span class='ocrx_word' id='word_1_211' title='bbox 849 3377 932 3421; x_wconf 89' lang='lat' dir='ltr'>vana</span> <span class='ocrx_word' id='word_1_212' title='bbox 954 3357 1100 3440; x_wconf 86' lang='lat' dir='ltr'>precaris.</span> 
     </span>
     <span class='ocr_line' id='line_1_32' title="bbox 185 3460 959 3540; baseline -0.006 -13"><span class='ocrx_word' id='word_1_213' title='bbox 185 3469 216 3528; x_wconf 89' lang='lat' dir='ltr'>et</span> <span class='ocrx_word' id='word_1_214' title='bbox 237 3482 322 3527; x_wconf 88' lang='lat' dir='ltr'>nunc</span> <span class='ocrx_word' id='word_1_215' title='bbox 342 3462 395 3527; x_wconf 89' lang='lat' dir='ltr'>illc</span> <span class='ocrx_word' id='word_1_216' title='bbox 418 3461 529 3526; x_wconf 87' lang='lat' dir='ltr'>eadem</span> <span class='ocrx_word' id='word_1_217' title='bbox 552 3461 643 3527; x_wconf 87' lang='lat' dir='ltr'>nobis</span> <span class='ocrx_word' id='word_1_218' title='bbox 665 3462 784 3525; x_wconf 90' lang='lat' dir='ltr'>iuratus</span> <span class='ocrx_word' id='word_1_219' title='bbox 806 3460 839 3524; x_wconf 95' lang='lat' dir='ltr'>in</span> <span class='ocrx_word' id='word_1_220' title='bbox 862 3478 959 3540; x_wconf 87' lang='lat' dir='ltr'>arma,</span> 
     </span>
    </p>

    <p class='ocr_par' dir='ltr' id='par_1_23' title="bbox 184 3561 1023 3749">
     <span class='ocr_line' id='line_1_33' title="bbox 185 3561 1023 3650; baseline -0.006 -20"><span class='ocrx_word' id='word_1_221' title='bbox 185 3566 259 3647; x_wconf 73' lang='lat' dir='ltr'>licut</span> <span class='ocrx_word' id='word_1_222' title='bbox 283 3584 357 3650; x_wconf 87' lang='lat' dir='ltr'>pars</span> <span class='ocrx_word' id='word_1_223' title='bbox 378 3565 432 3629; x_wconf 91' lang='lat' dir='ltr'>illa</span> <span class='ocrx_word' id='word_1_224' title='bbox 454 3564 579 3644; x_wconf 86' lang='lat' dir='ltr'>ducum,</span> <span class='ocrx_word' id='word_1_225' title='bbox 603 3584 663 3646; x_wconf 92' lang='lat' dir='ltr'>quo</span> <span class='ocrx_word' id='word_1_226' title='bbox 686 3582 866 3629; x_wconf 86' lang='lat' dir='ltr'>successore</span> <span class='ocrx_word' id='word_1_227' title='bbox 889 3561 1023 3646; x_wconf 79' lang='lat' dir='ltr'>sagittae</span> 
     </span>
     <span class='ocr_line' id='line_1_34' title="bbox 184 3665 988 3749; baseline -0.006 -16"><span class='ocrx_word' id='word_1_228' title='bbox 184 3669 326 3733; x_wconf 87' lang='lat' dir='ltr'>Herculis</span> <span class='ocrx_word' id='word_1_229' title='bbox 348 3672 485 3748; x_wconf 88' lang='lat' dir='ltr'>utuntur,</span> <span class='ocrx_word' id='word_1_230' title='bbox 509 3666 627 3731; x_wconf 89' lang='lat' dir='ltr'>fractus</span> <span class='ocrx_word' id='word_1_231' title='bbox 649 3666 819 3749; x_wconf 90' lang='lat' dir='ltr'>morboque</span> <span class='ocrx_word' id='word_1_232' title='bbox 841 3665 988 3747; x_wconf 83' lang='lat' dir='ltr'>fameque</span> 
     </span>
    </p>

    <p class='ocr_par' dir='ltr' id='par_1_24' title="bbox 148 3767 1061 3853">
     <span class='ocr_line' id='line_1_35' title="bbox 148 3767 1061 3853; baseline 0 -20"><span class='ocrx_word' id='word_1_233' title='bbox 148 3792 157 3833; x_wconf 62' lang='grc'>.’</span> <span class='ocrx_word' id='word_1_234' title='bbox 184 3771 367 3853; x_wconf 86' lang='lat' dir='ltr'>velaturque</span> <span class='ocrx_word' id='word_1_235' title='bbox 387 3769 543 3851; x_wconf 89' lang='lat' dir='ltr'>aliturque</span> <span class='ocrx_word' id='word_1_236' title='bbox 565 3768 678 3834; x_wconf 87' lang='lat' dir='ltr'>avibus</span> <span class='ocrx_word' id='word_1_237' title='bbox 699 3770 903 3851; x_wconf 88' lang='lat' dir='ltr'>volucresque</span> <span class='ocrx_word' id='word_1_238' title='bbox 925 3767 1061 3851; x_wconf 89' lang='lat' dir='ltr'>petendo</span> 
     </span>
    </p>
   </div>
   <div class='ocr_carea' id='block_1_5' title="bbox 0 0 1472 4117">
    <p class='ocr_par' dir='ltr' id='par_1_25' title="bbox 0 0 1472 4117">
     <span class='ocr_line' id='line_1_36' title="bbox 0 0 1472 4117; baseline 0 1"><span class='ocrx_word' id='word_1_239' title='bbox 0 0 1472 4117; x_wconf 95' lang='lat' dir='ltr'> </span> 
     </span>
    </p>
   </div>
  </div>
 </body>
</html>
