2934 4117
465 184 504 237 12.
528 180 583 237 ibet
600 179 678 236 bloub
696 155 917 248 berthalamius.
1160 161 1203 223 δῖ)

176 355 316 439 tibiaque
338 360 370 420 et
392 360 511 434 cautus,
534 352 632 418 animi
655 352 759 418 felicia
780 353 854 417 laeti
978 339 981 342 ’

175 463 369 542 argumenta,
395 463 517 522 sonant.
541 455 805 522 reseratisaurea
827 456 927 521 valvis

175 561 257 625 atria
279 566 344 626 tota
366 565 484 644 patent,
507 559 699 644 pulchroque
719 559 871 624 instructa
892 565 1005 643 paratu

177 663 317 748 Cepheni
339 683 484 749 proceres
505 663 616 727 ineunt
637 662 782 727 convivia
804 663 896 746 regis.

401 842 453 914 12.
482 847 550 914 bat
570 844 665 912 boob
688 847 745 914 tot
765 845 975 927 onustatae.

219 970 312 1037 Haud
333 973 442 1056 procul
464 969 625 1036 Hennaeis
646 971 734 1036 lacus
758 978 805 1036 cst
826 991 847 1034 a
868 971 1033 1035 moenibus
1055 969 1148 1049 altae,

177 1075 304 1140 nomine
326 1076 455 1159 Pergus,
478 1094 588 1156 aquae.
613 1094 675 1139 uon
698 1074 751 1138 illo
774 1074 864 1157 plura
887 1074 1037 1156 Caystros

178 1178 316 1242 carmina
339 1198 508 1260 cycnorum
530 1177 709 1243 labentibus
730 1176 821 1241 audit
842 1177 874 1241 iu
897 1175 999 1241 undis.

177 1280 257 1345 silva
279 1286 406 1345 coronat
427 1300 527 1361 aquas
550 1281 680 1364 cingens
701 1280 784 1345 latus
805 1298 898 1344 omne
920 1278 1046 1360 suisque
1085 1348 1087 1356 ,

134 1433 135 1436 ,
178 1382 340 1448 frondibus
362 1389 397 1447 ut
418 1384 489 1449 velo
510 1383 673 1448 Phoebeos
697 1384 861 1448 submovet
882 1383 982 1465 ignes.
1235 1399 1252 1447 c

178 1485 294 1568 frigora
316 1484 393 1549 dant
413 1486 502 1566 rami,
524 1486 638 1569 Tyrios
660 1485 773 1550 humus
794 1484 901 1550 umida
922 1484 1027 1549 flores:

177 1593 361 1671 perpetuum
383 1607 440 1652 ver
461 1594 518 1653 est.
543 1607 603 1669 quo
625 1587 700 1651 dum
721 1587 909 1671 Proserpina
929 1587 999 1651 luco

177 1689 257 1754 ludit
279 1696 311 1754 et
332 1696 386 1755 aut
408 1690 507 1755 violas
528 1697 583 1755 aut
605 1689 741 1755 candida
762 1690 828 1755 lilia
849 1690 958 1774 carpit,

178 1791 317 1874 dumque
338 1793 470 1877 puellari
492 1792 595 1858 studio
618 1793 820 1875 calathosque
843 1793 1008 1874 sinumque

178 1894 288 1978 implet
310 1902 341 1960 et
362 1896 511 1977 aequales
533 1902 632 1961 certat
646 1915 801 1980 ⁴superare
823 1894 966 1978 legendo,
1221 1914 1253 1963 ro

179 2016 281 2082 paene
303 1998 395 2062 simul
416 1998 487 2062 visa
508 2004 557 2063 est
578 1997 754 2080 dilectaque
775 2004 927 2081 raptaque
948 1997 1028 2062 Diti:

179 2101 379 2182 usqueadeo
402 2107 451 2167 est
471 2108 656 2186 properatus
677 2121 772 2166 amor.
796 2100 858 2165 dea
880 2100 986 2165 territa
1008 2106 1127 2163 maesto

180 2209 212 2267 et
234 2210 365 2268 matrem
388 2209 420 2268 et
441 2203 579 2285 comites,
602 2203 660 2269 sed
681 2211 813 2268 matrem
835 2204 969 2287 saepius,
992 2222 1046 2266 ore

181 2305 307 2389 clamat3
331 2312 363 2370 et
384 2312 419 2370 ut
441 2326 564 2371 summa
585 2314 705 2372 vestem
728 2306 861 2370 laniarat
882 2306 923 2369 ab
945 2291 1009 2386 ora,

181 2409 301 2508 collecti
323 2408 415 2475 flores
437 2410 551 2475 tunicis
575 2409 715 2475 cecidere
737 2410 884 2474 remissis.

181 2518 330 2592 tantaque
353 2512 537 2596 simplicitas
558 2512 728 2597 puerilibus
751 2512 853 2576 adfuit
874 2512 978 2576 annis:
1029 2529 1031 2534 ’

181 2614 260 2678 haec
282 2633 404 2696 quoque
426 2614 603 2698 virgineum
624 2616 722 2680 movit
743 2616 863 2679 iactura
885 2613 1029 2680 dolorem.
1145 2601 1148 2608 ¹

181 2723 287 2800 raptor
307 2717 375 2801 agit
396 2737 505 2783 currus
527 2724 559 2783 et
580 2719 706 2783 nomine
729 2738 883 2800 quomque
906 2717 1047 2782 vocando

182 2820 363 2885 exhortatur
386 2841 491 2904 equos,
515 2841 643 2903 quorum
665 2841 722 2905 per
745 2822 824 2885 colla
846 2822 997 2902 iubasque

182 2923 301 2989 excutit
322 2924 456 2989 obscura
478 2924 591 2989 tinctas
614 2924 771 3009 ferrugine
792 2924 943 2988 habenas.

181 3047 299 3111 perque
320 3019 408 3093 lacus
429 3027 508 3092 altos
531 3035 563 3092 et
584 3028 701 3093 olentia
722 3028 871 3112 sulphure
893 3027 992 3091 fertur

182 3136 296 3213 stagna
317 3132 501 3212 Palicorum,
526 3138 618 3215 rupta
639 3131 795 3197 ferventia
817 3137 908 3211 terra,

182 3239 213 3297 et
237 3251 299 3315 qua
320 3232 527 3314 bacchiadae,
549 3233 662 3300 bimari
684 3254 764 3317 gens
786 3240 854 3297 orta
876 3233 1033 3315 Corintho,

181 3335 263 3399 inter
284 3335 468 3418 inaequales
489 3343 659 3419 posuerunt
681 3336 806 3401 moenia
827 3342 942 3419 portus.
1032 3414 1036 3423 ¹

224 3438 281 3502 Est
302 3437 440 3503 medium
462 3438 588 3521 Cyanes
611 3445 642 3503 et
664 3439 796 3503 Pisaeae
818 3438 1001 3518 Arethusae,
1222 3455 1254 3502 25

182 3539 266 3622 quod
288 3540 350 3605 coit
371 3541 514 3623 angustis
536 3542 689 3606 inclusum
712 3540 858 3607 cornibus
879 3561 1004 3622 aequor.

181 3642 234 3707 hic
256 3642 324 3724 fuit,
347 3663 368 3706 a
390 3643 478 3708 cuius
499 3651 645 3727 stagnum
667 3662 790 3725 quoque
813 3644 938 3708 nomine
961 3642 1076 3707 dictum
1100 3647 1157 3721 cst,

182 3744 264 3810 inter
285 3744 439 3812 Sicelidas
461 3745 571 3828 Cyane
594 3745 796 3810 celeberrima
816 3744 989 3829 nymphas;

1022 3863 1053 3914 3*
