2934 4117
511 194 552 247 33.
571 189 730 259 uocatque
748 188 775 245 tu
794 189 871 246 biom.

178 367 294 432 utiliter
314 367 508 451 populosque
530 364 620 431 iuves
642 370 697 430 tua
718 384 809 430 sacra
831 358 992 428 colentes.²

177 468 318 551 quisquis
339 467 439 549 adest,
455 455 580 532 'iussum
602 471 771 531 veneratur
792 485 919 546 numen,
943 470 975 530 et
997 484 1106 530 ornnes

177 571 276 637 verba
297 570 467 637 sacerdotis
489 571 629 636 referunt
650 569 811 656 geminata
832 568 982 653 piumque

177 672 348 738 Aeneadae
370 679 533 757 praestant
556 679 588 738 et
609 692 687 737 voce
710 678 742 737 ct
763 677 869 736 mente
891 671 1042 736 favorem.

177 776 288 841 adnuit
309 777 359 842 bis
381 777 536 859 motisque
558 776 636 841 deus
657 782 726 840 rata
748 774 881 860 pignora
903 774 1005 839 cristis

179 885 210 945 et
231 880 365 963 repetita
388 878 475 943 dedit
496 879 620 944 vibrata
642 878 735 944 sibila
756 878 874 962 lingua.

178 981 417 1066 tumgradibus
439 981 548 1054 nitidis
570 980 726 1047 delabitur
748 999 865 1063 oraque
886 985 968 1045 retro

179 1084 276 1150 flectit
298 1091 330 1149 et
351 1085 497 1167 antiquas
519 1084 660 1150 abiturus
682 1082 810 1168 respicit
831 1102 903 1149 aras

179 1186 388 1270 adsuetasque
410 1186 520 1252 domos
542 1186 748 1269 habitataque
770 1186 888 1270 templa
909 1186 1034 1251 salutat.

180 1287 255 1354 inde
276 1309 333 1373 per
353 1289 477 1354 iniectis
498 1289 683 1374 adopertam
705 1288 834 1354 floribus
855 1288 970 1373 ingens

181 1392 277 1476 serpit
298 1392 428 1456 humum
450 1391 610 1474 flectitque
632 1392 719 1457 sinus
741 1390 941 1473 mediamque
963 1410 1020 1475 por
1041 1390 1151 1456 urbem

180 1495 282 1560 tendit
303 1494 345 1559 ad
367 1495 496 1560 incurvo
518 1494 655 1560 munitos
675 1513 794 1578 aggere
815 1499 932 1577 portus.

181 1599 294 1664 restitit
315 1599 367 1664 bic
388 1618 566 1682 agmenque
588 1617 680 1663 suum
701 1597 875 1680 turbaeque
897 1596 1057 1680 sequentis

182 1701 319 1767 officium
340 1700 465 1786 placido
487 1701 575 1767 visus
598 1700 756 1766 dimittere
778 1701 867 1765 vultu

182 1823 294 1888 corpus
315 1804 349 1868 in
370 1803 513 1869 Ausonia
533 1803 637 1887 posuit
659 1810 736 1868 rate.
770 1803 909 1868 numinis
930 1803 986 1867 illa
1085 1844 1088 1848 ι

182 1907 281 1972 sensit
302 1925 391 1987 onus,
413 1925 524 1990 pressa
545 1912 654 1989 estque
677 1905 1044 1990 dei-gravitate-carina.

225 2008 396 2074 Aeneadae
417 2007 558 2092 gaudent
580 2028 735 2091 caesoque
757 2009 791 2073 in
813 2008 903 2073 litore
924 2014 1014 2074 tauro

183 2117 264 2177 torta
286 2117 452 2176 serenatae
473 2112 600 2177 solvunt
621 2111 796 2176 retinacula
817 2111 917 2176 navis.

182 2215 348 2298 impulerat
370 2214 450 2279 levis
472 2234 550 2279 aura
570 2222 687 2279 ratem:
710 2213 790 2280 deus
812 2214 929 2280 eminet
951 2214 1015 2279 alte

183 2316 391 2402 impositaque
413 2336 560 2401 premens
581 2316 712 2401 puppim
736 2316 858 2383 cervice
879 2336 1043 2382 recurvam

183 2421 341 2485 caeruleas
364 2419 527 2505 despectat
548 2440 657 2502 aquas.
691 2419 885 2503 modicisque
905 2440 963 2505 per
983 2440 1099 2502 aequor

183 2523 306 2588 Ionium
329 2523 460 2607 zephyri
482 2521 605 2588 delatus
626 2523 754 2588 flamine
776 2543 882 2588 sacras

183 2625 296 2691 Lavini
318 2625 409 2690 sedes
431 2625 643 2708 Tiberinaque
664 2625 706 2690 ad
728 2627 810 2690 ostia
831 2626 927 2690 venit.

183 2727 245 2793 hue
267 2728 369 2793 omnis
391 2728 498 2812 populi
520 2728 638 2813 passim
661 2733 858 2811 matrumque
880 2735 1067 2813 patrumque

183 2830 277 2895 obvia
298 2830 391 2895 turba
412 2831 483 2912 mit,
507 2851 651 2913 quaeque
673 2831 774 2915 ignes,
797 2832 923 2913 lbotca,
947 2838 1084 2915 servant,

183 2933 290 3015 Vesta,
313 2939 393 3014 tuos,
417 2932 562 3016 laetoque
584 2933 679 2999 deum
702 2935 837 2999 clamore
860 2935 1005 3000 salutant.

184 3055 308 3119 quaque
329 3055 386 3120 per
407 3035 557 3103 adversas
578 3037 671 3102 navis
693 3037 757 3102 cita
778 3037 902 3102 ducitur
923 3038 1034 3121 undas,

184 3144 254 3202 tura
275 3158 370 3222 super
391 3139 477 3223 ripas
499 3138 562 3205 aris
585 3159 626 3204 ex
647 3139 758 3206 ordine
779 3140 873 3206 factis

183 3247 273 3324 parte
294 3242 335 3306 ab
359 3247 491 3323 utraque
513 3248 627 3308 sonant
648 3247 680 3307 et
702 3242 834 3308 odorant
855 3250 930 3308 ae'ra
950 3243 1045 3312 fumis

183 3343 309 3425 ictaque
332 3344 489 3410 coniectos
510 3345 671 3411 incalfacit
692 3346 796 3411 hostia
819 3347 941 3412 cultros.

183 3445 310 3528 iamque
332 3453 427 3530 caput
448 3467 561 3530 rerum,
583 3450 759 3514 Romanam
781 3449 954 3514 intraverat
975 3450 1099 3516 urbem:

184 3547 313 3631 erigitur
335 3568 466 3633 serpens
488 3570 671 3634 summoque
692 3550 826 3617 acclinia
848 3553 930 3617 malo

185 3651 264 3715 eolla
286 3658 392 3717 movet
414 3652 569 3736 sedesque
591 3654 652 3720 sibi
675 3655 885 3739 circumspicit
906 3661 1005 3740 aptas.

185 3752 337 3819 scinditur
358 3755 391 3819 in
413 3756 557 3840 geminas
579 3763 685 3842 partes
708 3757 905 3825 circumfluus
927 3757 1030 3823 amnis
1050 3795 1093 3806 --
