2934 4117
480 671 634 809 (trites
669 673 792 785 seor.

330 909 939 1034 bbotoototobotco.

556 1158 710 1167 --.-.-

400 1307 870 1393 menmfflmm

164 1448 200 1511 ln
224 1468 308 1512 nora
329 1446 390 1511 sert
411 1447 535 1512 animus
557 1455 693 1513 mutatas
715 1447 821 1513 dicere
843 1449 959 1514 formas

42 1577 43 1618 1
120 1571 262 1635 corpora:
285 1549 328 1631 di,
352 1550 535 1632 coeptis-
555 1571 630 1614 nam
652 1571 709 1615 vos
731 1552 874 1616 mutastis
897 1558 929 1616 et
950 1552 1020 1616 illas
1044 1588 1081 1601 -η

42 1641 43 1664 ³
119 1652 278 1736 adspirate
301 1652 380 1717 meis
402 1651 565 1735 primaque
588 1654 628 1718 ab
652 1653 773 1737 origine
796 1654 905 1719 mundi

119 1754 161 1819 ad
183 1776 255 1820 mea
276 1765 462 1840 perpetuum
485 1755 630 1821 deducite
652 1764 794 1841 tempora
816 1778 951 1823 carmen.

424 1928 844 2000 bmuwwwm

162 2069 268 2133 Aurea
289 2068 390 2152 prima
412 2074 481 2133 sata
504 2074 552 2133 est
573 2075 671 2150 aetas,
696 2089 777 2150 quae
799 2068 926 2135 vindice
948 2072 1042 2150 nullo,

42 2217 43 2244 r
119 2178 233 2255 sponte
255 2190 320 2252 sua,
344 2171 412 2235 sine
433 2171 506 2253 lege
527 2170 623 2235 fidem
644 2178 828 2253 rectumque
851 2173 983 2237 colebat.

42 2265 43 2300 ³
119 2292 223 2357 poena
245 2278 409 2354 metusque
431 2273 572 2355 aberant,
595 2294 655 2337 nec
677 2274 775 2339 verba
797 2274 933 2340 minacia
954 2275 1018 2339 fixo

42 2375 43 2398 ³
119 2394 192 2440 aere
214 2376 411 2458 legebantur,
434 2395 494 2441 nec
516 2377 649 2461 supplex
672 2378 764 2442 turba
786 2377 917 2442 timebat

119 2478 232 2542 iudicis
254 2498 309 2541 ora
331 2478 389 2559 sui,
413 2477 469 2543 sed
492 2486 580 2543 erant
602 2479 670 2544 sine
692 2478 818 2545 vindice
840 2480 908 2545 tuti.
1183 2505 1199 2546 c

119 2581 260 2647 nondum
283 2602 376 2647 caesa
398 2584 470 2665 suis,
494 2583 693 2668 peregrinum
715 2591 751 2647 ut
773 2584 888 2648 viseret
909 2585 1026 2663 orbem,

120 2686 279 2750 montibus
302 2686 335 2749 in
357 2686 493 2768 liquidas
515 2686 609 2770 pinus
632 2685 840 2751 descenderat
861 2686 974 2768 undas,

120 2790 269 2871 nullaque
292 2790 438 2853 mortales
459 2796 584 2873 praetor
606 2810 664 2854 sua
684 2790 776 2854 litora
798 2797 919 2855 norant.

121 2890 262 2956 nondum
285 2892 474 2975 praecipites
496 2894 667 2976 cingebant
689 2893 806 2978 oppida
828 2894 945 2977 fossae3

120 3016 185 3060 non
207 2996 285 3059 tuba
307 2993 427 3076 directi,
451 3015 514 3060 non
537 2996 618 3061 aeris
641 3016 758 3061 cornua
779 2995 865 3077 flexi,

120 3119 184 3163 non
206 3097 328 3181 galeae,
351 3118 414 3162 non
437 3098 521 3163 ensis
544 3105 647 3163 erant:
670 3100 739 3164 sine
761 3099 868 3164 militis
890 3119 949 3164 usu

120 3201 228 3265 mollia
250 3220 379 3266 securae
400 3203 595 3319 peragebant
617 3203 681 3267 otia
702 3210 823 3285 gentes.

121 3305 193 3389 ipsa
215 3323 340 3387 quoque
362 3304 510 3370 immunis
532 3311 693 3388 rastroque
715 3307 835 3370 intaeta
856 3325 916 3369 nec
938 3305 1008 3369 ullis

121 3407 232 3473 saucia
253 3407 432 3492 vomeribus
454 3428 511 3492 per
533 3427 567 3473 se
589 3407 686 3472 dabat
708 3408 849 3472 omniat
836 3409 942 3490 tellus5

122 3516 252 3575 content
253 3509 325 3592 ique
349 3508 427 3574 cibis
448 3511 533 3574 nullo
556 3516 688 3593 cogente
711 3511 824 3575 creatis

42 3603 44 3674 ἶ
119 3614 270 3677 arbuteos
294 3611 377 3676 fetus
399 3620 611 3696 montanaque
633 3612 724 3697 fraga
747 3614 895 3697 legebant

42 3677 44 3754 ι
121 3735 282 3798 cornaque
305 3716 390 3779 etin
415 3715 500 3782 duris
522 3716 685 3781 haerentia
707 3737 793 3781 mora
804 3715 933 3804 rubetis

175 3833 244 3878 Duce
258 3833 362 3885 nubendo
351 3833 389 3885 bite
403 3833 497 3887 (bebldute.
516 3835 593 3887 (.Θι
516 3835 668 3888 (urbemn
661 3834 789 3887 inlapsu)
987 3838 995 3880 1
