2934 4117
218 157 261 220 24
618 171 849 241 illetomorpbolen.

219 366 292 412 ecce
314 346 468 411 cruentati
490 343 623 410 redeunt
646 351 687 427 et,
709 344 853 410 Bacchus
875 344 930 410 ubi
952 352 1044 427 essct,

219 448 382 532 quaerenti
404 447 530 512 dominc
551 446 711 512 Bacchum
733 446 851 513 vidisse
872 454 1043 533 negarunt3

218 544 324 617 ‘huno'
346 550 456 617 dixere
478 543 594 615 ‘tamen
618 550 762 615 comitem
785 550 999 634 famulumque
1020 571 1177 616 sacrorum

219 651 384 741 cepimus';
408 662 440 721 et
461 653 590 720 uadunt
612 655 758 721 manibus
781 661 850 740 post
873 662 962 740 terga
984 656 1090 740 ligatis

219 780 309 826 sacra
331 757 383 824 dei
406 757 563 841 quendam
585 758 752 840 Tyrrhena
774 765 869 842 gente
891 765 1041 824 secutum.

261 862 406 947 Adspicit
427 861 512 925 hunc
533 860 693 926 Pentheus
714 862 822 942 oculis,
846 881 923 945 quos
944 862 992 926 ira
1013 862 1192 928 tremendos

132 990 134 994 ·
219 966 347 1048 fecerat,
371 971 402 1030 et
425 984 615 1048 quamquam
638 984 760 1048 poenae
782 965 838 1030 vix
861 971 1002 1049 tempora
1024 964 1138 1049 differt,

219 1061 248 1135 ‘o
269 1069 406 1154 periture
428 1074 545 1150 tuaque
566 1067 637 1132 aliis
660 1066 847 1133 documenta
869 1067 980 1133 dature

220 1168 328 1239 mcrtc'
350 1172 407 1253 ait,
429 1164 499 1237 ‘ede
521 1177 609 1235 tuum
631 1190 746 1236 nomen
769 1191 946 1254 nomenque
968 1179 1132 1256 parentum

219 1283 252 1341 et
272 1275 417 1360 patriam,
439 1272 596 1356 morisque
617 1274 692 1338 novi
714 1293 770 1339 cur
791 1293 881 1339 sacra
902 1270 1104 1357 frequentes?

219 1377 272 1443 ille
293 1385 379 1443 metu
401 1396 521 1443 vacuus
542 1369 668 1442 ‘nomen
690 1372 779 1441 mihi'
800 1376 882 1441 dixit
905 1370 1058 1460 ‘Acoetes

220 1480 322 1567 patria
343 1480 489 1546 Maeonia
510 1487 572 1565 est3
594 1479 705 1544 humili
727 1480 768 1545 de
789 1480 882 1565 plebe
903 1487 1059 1565 parentes.

221 1606 284 1652 non
306 1585 383 1651 mihi
408 1604 489 1668 quae
511 1583 581 1650 duri
603 1585 743 1651 colerent
764 1592 854 1670 pater
875 1606 953 1650 arva
974 1584 1099 1650 iuvenci

220 1690 418 1773 lanigerosve
439 1707 563 1772 greges,
586 1708 649 1751 non
672 1688 737 1752 ulla
758 1695 901 1752 armenta
921 1688 1060 1772 reliquit:

220 1812 340 1878 pauper
362 1797 393 1857 et
415 1792 483 1875 ipse
505 1790 565 1855 fuit
586 1790 713 1873 linoque
735 1791 856 1856 solebat
879 1798 910 1856 et
932 1791 1034 1857 hamis

220 1896 365 1979 decipere
387 1901 418 1959 et
440 1895 560 1959 calamo
582 1894 730 1959 salientes
753 1892 867 1960 ducere
889 1895 1000 1979 pisces.

219 2019 271 2065 ars
293 1998 337 2063 illi
360 2017 418 2063 sua
440 2016 553 2062 census
575 2003 651 2062 erat.
676 2017 746 2062 cum
769 1996 907 2062 traderet
928 2004 1038 2079 artem,

223 2102 351 2188 „accipe
374 2121 452 2184 quas
474 2100 586 2182 habeo,
609 2098 704 2166 studii
727 2120 887 2166 successor
910 2108 941 2165 et
961 2100 1085 2184 heres“,

221 2205 302 2270 dixit
326 2205 451 2289 „opcs“.
476 2203 673 2286 moriensque
695 2202 773 2268 mihi
795 2203 839 2267 nil
861 2203 914 2269 ille
936 2204 1060 2287 reliquit

219 2313 344 2393 praeter
364 2325 478 2389 aquas:
500 2325 598 2371 unum
619 2305 679 2371 hoc
700 2325 829 2390 possum
850 2307 1010 2391 appellare
1032 2314 1206 2392 paternum.

220 2431 294 2477 mox
317 2430 386 2494 ego,
409 2429 450 2474 ne
472 2409 607 2493 scopulis
628 2409 791 2475 haererem
814 2429 938 2494 semper
959 2410 992 2474 in
1014 2410 1124 2492 isdem,

219 2512 358 2580 addidici
380 2513 523 2597 regimen
544 2511 657 2579 dextra
678 2511 862 2578 moderante
884 2513 1010 2579 carinae

220 2618 346 2683 flectere
369 2623 400 2682 et
422 2616 553 2682 Oleniae
575 2615 662 2681 sidus
684 2616 823 2701 pluviale
846 2616 995 2701 Capellae

220 2723 449 2805 Taygetenque
470 2718 665 2804 Hyadasqnc
687 2719 785 2785 oculis
807 2720 987 2803 Arctonque
1008 2721 1116 2785 notavi

220 2830 447 2906 ventorumque
470 2822 577 2888 domos
600 2827 631 2888 et
653 2829 761 2907 portus
782 2822 941 2907 puppibus
963 2830 1062 2907 aptos.

221 2927 302 2993 forte
323 2933 436 3012 petens
458 2926 571 2991 Delum
595 2926 672 2991 Ciae
693 2927 813 2992 telluris
835 2925 877 2991 ad
900 2946 970 2992 oras

220 3031 360 3115 applicor
383 3035 414 3095 et
437 3028 556 3095 dextris
579 3028 717 3095 adducor
739 3030 830 3095 litora
852 3030 946 3094 remis

221 3133 324 3216 doque
345 3135 433 3199 leves
456 3133 554 3199 saltus
576 3133 720 3215 udaeque
742 3134 893 3199 immittcr
914 3133 1060 3199 harenae.

221 3257 285 3302 nox
307 3237 362 3301 ubi
385 3243 570 3321 consumpta
592 3241 649 3317 est,
673 3274 715 3285 -
737 3257 849 3302 aurora
870 3238 1036 3303 rubescere
1057 3238 1157 3322 primo

221 3347 367 3423 coeperat
388 3378 426 3386 -
453 3359 589 3424 exsurgo
610 3339 783 3423 laticesque
804 3339 921 3405 inferre
942 3347 1084 3406 recentes

220 3443 374 3508 admoneo
397 3450 598 3525 monstroque
619 3444 714 3525 viam,
739 3464 819 3527 quac
842 3443 936 3508 ducat
956 3443 998 3508 ad
1020 3443 1130 3509 undas.

221 3547 289 3631 ipse
312 3545 387 3628 qnid
409 3566 486 3611 aura
508 3546 584 3610 mihi
607 3548 724 3612 tumulo
747 3547 907 3632 promittat
928 3548 969 3612 ab
992 3548 1055 3611 alto

221 3649 377 3734 prospicio
400 3650 590 3732 comitesque
613 3670 690 3715 voco
712 3657 882 3734 repetoque
905 3652 1052 3715 carinam.

224 3750 391 3838 „adsumus
414 3753 488 3816 en!“
512 3753 614 3834 inquit
636 3754 788 3819 sociorum
810 3753 930 3838 primus
952 3752 1110 3837 Opheltes
