2934 4117
623 173 661 224 14.
681 169 815 226 §liberalia

248 342 403 408 dividere:
426 342 505 406 haec
526 341 640 426 populo
663 340 754 425 copia
774 347 866 426 grata
885 340 953 406 fuit.

205 463 285 529 pace
306 444 390 510 dorni
411 446 498 510 iacta
519 445 644 529 signum
666 463 798 528 posuere
819 443 992 524 Perennae,

249 546 333 630 quod
354 548 414 612 sibi
436 546 568 611 defectis
590 547 644 611 illa
666 547 788 612 tulisset
809 565 909 647 opem.

445 726 498 797 14.
520 732 587 798 bct
610 726 658 796 17.
681 729 793 810 illics.
822 728 995 796 dilatatio.

206 854 313 919 Tertia
334 861 405 938 post
427 853 503 921 Idus
525 856 580 920 lux
603 861 651 921 est
673 855 876 921 celeberrima
897 854 1031 920 Baccho.

249 957 382 1039 Bacche,
404 958 478 1022 fave
500 959 575 1039 vati,
598 956 673 1023 dum
696 965 751 1022 tua
772 958 855 1022 festa
877 977 964 1023 canc.

207 1060 353 1125 carminis
376 1059 467 1125 huius
489 1080 568 1145 opus
590 1081 702 1126 causas
724 1080 892 1144 exponere,
916 1079 1012 1142 quare

249 1162 321 1227 vilis
342 1182 422 1227 anus
444 1164 575 1247 populos
596 1162 639 1228 ad
661 1183 718 1228 sua
740 1163 805 1228 liba
827 1170 925 1228 vocet.

207 1270 281 1328 ante
303 1271 372 1330 tuos
395 1270 480 1330 ortus
501 1284 575 1329 arae
598 1264 666 1330 sine
688 1265 806 1331 honore
828 1265 964 1347 fuerunt,
1040 1312 1041 1319 κ

250 1368 354 1449 Liber,
378 1367 465 1432 etin
486 1368 600 1452 gelidis
622 1368 721 1436 herba
744 1374 869 1453 reperta
890 1367 977 1456 focis.

208 1477 240 1535 tc
262 1477 436 1535 memorant
458 1471 569 1555 Gange
591 1477 717 1554 totoque
739 1471 859 1537 oriente
881 1472 1010 1537 subacto

251 1572 404 1656 primitias
426 1594 540 1658 magno
563 1575 741 1659 seposuisse
763 1575 839 1639 Iovi.

210 1676 355 1741 cinnama
376 1682 410 1741 tu
432 1677 550 1762 primus
572 1677 761 1762 captivaque
782 1684 852 1742 tura
873 1675 988 1742 dedisti

251 1778 353 1862 deque
375 1779 565 1864 triumphato
588 1781 711 1846 viscera
732 1786 815 1845 tosta
836 1780 926 1846 bove.

209 1882 334 1947 nomine
355 1883 396 1948 ab
419 1882 553 1948 auctoris
575 1882 693 1947 ducunt
714 1882 867 1948 libamina
888 1903 1002 1947 nornen

252 1986 387 2069 libaque,
410 1985 493 2068 quod
515 1987 611 2052 sacris
633 2006 707 2070 pars
728 1984 821 2049 datur
842 1985 917 2049 inde
939 1984 1024 2050 focis.

210 2088 275 2152 liba
297 2087 356 2152 deo
377 2088 466 2171 fiunt,
489 2089 571 2154 sucis
594 2089 668 2170 quia
690 2087 832 2153 dulcibus
854 2086 937 2151 idem

252 2190 370 2275 gaudet
392 2197 424 2255 et
445 2211 466 2254 a
486 2191 611 2257 Baccho
633 2191 728 2256 mella
749 2196 874 2274 reperta
895 2189 1009 2255 ferunt.

210 2293 277 2358 ibat
298 2293 452 2358 harenoso
475 2292 597 2376 Satyris
620 2294 785 2358 comitatus
807 2293 848 2357 ab
870 2293 986 2373 Hebro,
1009 2330 1051 2339 -
1252 2312 1284 2361 15

253 2416 317 2460 non
338 2396 435 2460 habet
454 2396 595 2480 ingratos
616 2396 724 2461 fabula
746 2402 853 2461 nostra
874 2395 957 2460 iocos
979 2433 1022 2441 —

210 2496 336 2580 iamque
359 2506 426 2563 erat
447 2498 490 2562 ad
510 2496 685 2582 Rhodopen
707 2499 918 2582 Pangaeaque
940 2497 1050 2561 florida
1072 2502 1215 2561 ventum:

253 2600 405 2673 aeriferae
427 2601 575 2665 comitum
597 2621 806 2686 concrepuere
828 2620 948 2665 manus.

212 2723 284 2768 ecce
306 2724 409 2769 novae
432 2711 544 2769 coeunt
567 2706 709 2770 volucres
730 2705 896 2770 tinnitibus
917 2710 1017 2786 actae,

254 2825 393 2889 quosque
414 2813 543 2871 movent
565 2807 686 2873 sonitus
707 2827 792 2890 aera,
816 2813 987 2890 sequuntur
1008 2825 1094 2891 apes.
1253 2825 1286 2874 nc

212 2908 328 2992 colligit
350 2915 489 2974 errantes
512 2916 543 2974 et
564 2910 598 2975 in
620 2911 731 2975 arbore
754 2910 870 2975 claudit
890 2909 978 2975 inani

253 3011 348 3077 Liber
370 3019 402 3079 et
422 3013 545 3077 inventi
566 3015 706 3099 praemia
727 3014 828 3078 mellis
850 3012 955 3078 habet.

211 3121 246 3178 ut
267 3114 373 3198 Satyri
395 3116 537 3199 levisque
560 3136 659 3183 senex
682 3117 813 3201 tetigere
837 3136 989 3200 saporem,

254 3218 447 3300 quaerebant
468 3219 567 3285 flavos
588 3239 645 3303 per
665 3238 777 3285 nemus
798 3238 890 3283 omne
912 3218 1011 3282 favos.

211 3318 300 3384 audit
320 3321 354 3385 in
377 3341 474 3387 exesa
496 3321 660 3387 stridorem
682 3321 837 3387 examinis
860 3321 952 3402 ulmo,

254 3422 390 3508 adspicit
412 3431 445 3490 et
466 3445 553 3490 ceras
576 3424 813 3506 dissimulatque
835 3443 950 3506 senex;

212 3530 308 3607 utque
329 3526 420 3610 piger
441 3526 538 3612 pandi
560 3533 648 3611 tergo
669 3525 828 3593 residebat
849 3525 946 3606 aselli,

255 3628 393 3713 applicat
414 3628 497 3694 hunc
519 3630 601 3695 ulmo
625 3631 854 3715 corticibusque
877 3627 972 3693 cavis.

214 3730 352 3795 constitit
373 3730 442 3815 ipse
464 3752 558 3817 super
579 3752 701 3798 ramoso
725 3734 833 3822 stipite
856 3731 950 3796 nixus
