2934 4117
248 216 292 282 52
647 234 878 306 birtumorpbolru.

249 422 301 470 ron
314 394 412 490 iigiuu.
439 408 530 487 arato
549 405 644 491 argiblt
658 411 714 476 beot
729 410 880 492 utbeuiltijur
896 410 1042 490 &eluatur
1056 426 1107 476 oon
1123 416 1165 476 brt
1180 416 1275 497 probru

249 501 309 580 ticli
324 503 371 581 out
384 489 481 585 iigiuu.

178 629 181 635 ·
291 610 449 696 Principio
472 612 592 678 eaelum
614 610 717 698 spissa
739 614 873 698 ealigine
895 621 995 680 terras

250 714 362 799 pressit
384 719 417 779 et
436 714 570 799 ignavos
590 715 717 781 inclusit
739 716 876 782 nubibus
898 724 1017 802 aestus3

250 815 388 899 dumque
410 823 520 899 quater
542 816 657 883 innotis
680 818 820 902 explevit
843 820 986 885 cornibus
1008 820 1115 885 orbem

191 975 193 978 .
250 919 348 1000 Luna,
372 926 483 1001 quater
503 920 632 1005 plenum
653 925 783 986 tenuata
804 922 941 987 retexuit
962 922 1078 1004 orbem,

249 1020 379 1087 letiferis
402 1022 495 1087 calidi
517 1023 674 1107 spirarunt
695 1023 836 1089 aestibus
857 1025 963 1089 austri.

251 1130 375 1189 cunstat
397 1124 483 1190 etin
506 1125 608 1191 fontes
631 1125 743 1190 vitium
765 1127 891 1191 venisse
913 1127 1070 1209 laeuoque,

250 1225 398 1309 miliaque
418 1227 552 1293 incultos
574 1234 755 1312 serpentum
776 1229 875 1293 multa
895 1250 952 1313 per
973 1250 1065 1314 agros

251 1349 372 1395 errasse
394 1335 489 1412 atque
511 1330 575 1396 suis
597 1330 710 1396 fluvios
731 1337 902 1397 temerasse
924 1333 1063 1398 venenis.

251 1437 356 1520 strage
379 1452 492 1498 eanum
514 1432 615 1518 primo
637 1433 860 1515 volnerumque
881 1434 1050 1517 oviumque
1071 1436 1227 1517 boumque

251 1534 345 1617 inque
367 1534 442 1600 feris
464 1535 558 1601 subiti
582 1535 736 1620 deprensa
757 1535 899 1619 potentia
920 1537 1028 1601 morbi.
1292 1558 1324 1606 ro

252 1636 414 1703 eouoidere
435 1637 548 1702 infelix
570 1637 691 1704 validos
713 1639 843 1704 miratur
863 1644 967 1704 arator

251 1740 332 1805 inter
353 1759 432 1824 opus
454 1747 560 1807 muros
582 1740 747 1824 medioque
769 1742 951 1807 recumbere
972 1741 1071 1828 suloo;

252 1842 400 1926 lanigeris
422 1843 571 1927 gregibus
593 1843 717 1908 balatus
741 1842 889 1910 dantibus
909 1863 1022 1927 aegros

252 1951 364 2029 sponte
386 1964 444 2010 sua
464 1945 617 2028 lunaeque
641 1944 759 2011 eadunt
781 1951 813 2011 et
835 1966 964 2031 corpora
986 1946 1103 2011 tabent.

251 2067 325 2113 aeer
345 2067 444 2130 equus
467 2047 624 2130 quondam
646 2068 844 2133 magnaeque
866 2048 900 2113 in
921 2049 1051 2133 pulvere
1073 2049 1177 2115 famae
1295 2070 1324 2118 rs

253 2149 424 2235 degenerat
444 2152 575 2235 palmus,
598 2157 801 2233 veterumque
823 2151 937 2216 oblitus
958 2150 1110 2216 honorum

252 2252 294 2318 ad
315 2272 487 2338 praesaepe
508 2254 606 2336 gemit
627 2253 689 2319 leto
711 2253 877 2318 moriturus
897 2253 999 2318 inerti.

253 2375 316 2420 non
338 2376 415 2439 aper
435 2355 529 2421 irasei
550 2356 702 2438 meminit,
726 2376 789 2421 non
811 2355 908 2421 fidere
931 2376 1023 2422 eursu

254 2478 356 2540 nerva,
379 2478 439 2523 neo
460 2459 610 2524 armentis
630 2458 789 2524 incurrere
810 2457 942 2524 fortibus
964 2458 1036 2523 ursi.

254 2560 359 2626 omnia
378 2560 512 2644 languor
532 2559 637 2627 habet.
682 2561 831 2643 silvisque
852 2561 998 2644 agrisque
1020 2560 1141 2643 viisque
1293 2584 1328 2631 ao
1422 2647 1424 2650 Ι

255 2682 384 2747 corpora
405 2662 499 2728 foeda
520 2663 634 2744 iacent,
657 2664 809 2728 vitiantur
831 2662 977 2729 odoribus
998 2682 1102 2728 aurae.

254 2766 334 2830 mira
354 2765 477 2847 loquar:
499 2785 563 2830 non
585 2766 639 2830 illa
662 2785 757 2831 eanes
779 2765 954 2847 avidaeque
975 2765 1125 2846 volueres,

255 2889 317 2933 nou
341 2867 412 2933 eaui
434 2869 565 2953 tetigere
587 2869 666 2952 lupi3
690 2867 813 2952 dilapsa
835 2868 1010 2950 liquescunt

255 2970 435 3053 adflatuque
457 2978 573 3037 noeent
595 2976 626 3036 et
647 2977 747 3054 agunt
769 2970 915 3053 oontagia
935 2970 1007 3034 late.

297 3074 446 3140 Pervenit
466 3072 508 3138 ad
530 3073 659 3139 miseros
672 3073 795 3137 damno
815 3073 960 3157 graviore
982 3072 1106 3138 colonos
1294 3094 1328 3142 25

256 3177 353 3262 pestis
375 3177 462 3242 etin
484 3196 619 3260 magnae
641 3175 819 3242 dominatur
840 3176 1003 3241 moenibus
1025 3174 1120 3240 urbis.

256 3281 378 3346 viseera
399 3285 554 3345 torrentur
575 3280 684 3364 primo,
707 3279 915 3361 flammaeque
935 3278 1063 3343 latentis

257 3382 406 3448 indieium
429 3385 524 3449 rubor
546 3389 594 3448 est
617 3389 648 3448 et
670 3382 783 3448 duetus
804 3382 961 3448 anhelitus
982 3382 1104 3465 ingens

257 3505 369 3570 aspera
389 3485 499 3569 lingua
520 3491 628 3567 tumet,
651 3484 828 3570 tepidisque
849 3485 971 3551 arentia
992 3483 1096 3548 ventis

257 3609 313 3655 ora
333 3595 453 3673 patent,
477 3609 634 3672 auraeque
656 3609 770 3673 graves
793 3594 958 3672 captantur
979 3587 1075 3652 hiatu.
1296 3600 1330 3650 eo

257 3711 321 3757 non
343 3698 485 3774 stratum,
507 3713 571 3758 non
594 3693 657 3758 ulla
678 3693 744 3777 pati
767 3691 924 3756 velamina
945 3693 1085 3776 possunt,

258 3795 343 3863 nuda
364 3795 421 3863 sod
442 3796 474 3862 iu
498 3803 581 3862 terra
601 3802 722 3882 ponunt
744 3795 939 3881 praecordia:
962 3814 1022 3862 nee
1042 3791 1079 3857 fit
