2934 4117
343 175 382 227 28.
402 171 456 228 aar
473 169 558 228 &tecit
576 184 621 225 utu
639 168 678 226 tiu
696 169 795 239 issolleu
814 169 858 224 bes
877 169 988 239 limium
1139 150 1182 219 95

155 353 185 412 tu
209 367 350 432 pugnare
366 353 470 433 potes,
493 344 655 430 pugnandi
678 350 819 430 tempora
841 363 961 410 mecum

155 449 240 535 eligit
262 448 401 535 Atrides;
424 455 459 514 tu
481 453 602 513 tautum
625 466 754 532 corpore
775 444 897 532 prodes,

155 571 210 617 nos
231 551 352 635 anim03
376 557 564 634 quantoque,
587 555 686 615 ratem
710 548 763 634 qui
785 549 1067 634 temperat‚anteit

155 654 280 738 remigis
302 654 449 735 officium,
473 659 589 736 quanto
611 650 677 717 dux
699 651 800 718 milite
821 653 928 733 maior,
1191 668 1243 717 000

155 763 273 821 tantum
296 763 410 840 egote
432 776 553 839 supero.
589 775 648 820 nec
670 776 733 821 non
756 756 789 820 in
812 774 940 841 corporo
962 760 1067 821 nostro

153 866 278 944 pectora
300 866 373 924 sunt
394 859 516 943 potiora
538 879 646 923 uranu:
670 857 760 942 vigor
782 857 884 923 omnis
905 856 939 923 in
958 857 1030 923 illis.

153 968 185 1027 at
208 982 273 1045 vos,
295 983 313 1028 0
335 981 489 1047 proceres,
512 960 601 1046 vigili
622 960 696 1026 date
718 960 860 1046 praemia
880 965 995 1042 vestro,

152 1085 268 1150 proque
291 1071 335 1131 tot
355 1084 508 1130 annorum
532 1084 615 1145 cura,
638 1065 751 1147 quibus
773 1064 888 1131 anxius
910 1064 971 1148 egi,

152 1167 236 1233 huno
257 1168 378 1233 titulum
402 1168 519 1233 meritis
541 1166 739 1253 pensandum
761 1165 883 1233 reddite
904 1167 1026 1233 nostris,
1192 1182 1241 1231 000

151 1270 214 1335 ianr
236 1270 323 1336 labor
344 1269 377 1335 iu
399 1269 463 1335 fine
485 1277 546 1356 est3
569 1270 727 1336 obstantia
749 1269 815 1334 fata
836 1270 955 1335 removi

152 1373 277 1455 altaque
298 1392 390 1457 posse
413 1374 482 1459 capi
505 1372 650 1439 faciendo
673 1373 827 1457 Pergama
849 1373 927 1458 cepi.

150 1496 208 1560 per
230 1495 302 1560 spes
324 1496 408 1542 nunc
429 1477 530 1542 socias
553 1496 725 1560 casuraque
748 1475 873 1540 moenia
894 1477 1009 1541 Troum

153 1598 269 1662 perque
291 1577 367 1644 deos
389 1597 451 1659 oro,
475 1598 552 1662 quos
574 1578 656 1645 hosti
678 1598 779 1665 nuper
801 1577 914 1660 ademi,

152 1701 208 1766 per
229 1680 332 1763 siquid
354 1687 505 1765 superest,
530 1680 613 1764 quod
634 1682 676 1748 sit
697 1681 857 1767 sapienter
878 1682 1047 1768 agendum,
1191 1696 1242 1744 aco

152 1783 255 1865 siquid
276 1782 379 1848 adhuc
400 1783 507 1849 audax
530 1804 570 1849 ex
592 1784 818 1870 praecipitique
840 1782 1011 1869 petendum
1034 1791 1090 1864 est,

153 1891 221 1951 este,
240 1885 302 1950 mei
323 1888 493 1952 memores!
515 1893 571 1952 aut
592 1886 620 1952 si
641 1885 718 1952 mihi
741 1907 804 1952 non
826 1886 909 1952 datis
930 1907 1027 1968 arma,

152 1988 224 2054 huie
245 1984 346 2055 datel'
369 1998 401 2052 et
423 1989 559 2055 ostendit
580 1990 706 2072 signum
728 1988 825 2055 fatale
847 1988 1017 2055 Minervae.

194 2091 278 2156 Mota
299 2111 411 2157 manus
433 2111 595 2176 procerum
618 2098 675 2172 est,
699 2099 730 2157 et
754 2091 828 2175 quid
851 2090 1000 2157 facundia
1021 2098 1137 2177 posset,

27 2229 30 2235 ·
153 2214 185 2258 re
207 2193 316 2278 patuit,
339 2193 489 2277 fortisque
510 2194 570 2259 viri
592 2194 663 2259 tulit
683 2214 772 2259 arma
795 2193 938 2260 disertus.
1191 2211 1241 2259 aaa

152 2296 286 2362 Hectora
309 2298 361 2381 qui
383 2298 476 2378 solus,
500 2297 553 2380 qui
576 2296 692 2363 ferrum
715 2298 869 2381 ignesque
891 2298 1061 2380 Iovemque

151 2398 298 2465 sustinuit
319 2400 444 2480 totiens,
467 2420 563 2465 unam
585 2420 649 2465 non
671 2400 806 2466 sustinet
828 2400 917 2481 iram,

151 2500 364 2585 invictumque
386 2503 488 2567 virum
509 2502 585 2568 vicit
607 2501 702 2568 dolor.
726 2501 836 2588 arripit
858 2522 965 2568 ensem

152 2611 183 2669 et
203 2598 303 2670 ‘meus
326 2605 376 2670 hic
399 2611 482 2670 certe
505 2610 562 2670 est.
597 2624 638 2669 au
662 2611 693 2670 et
715 2605 799 2670 hunc
821 2605 883 2671 sibi
904 2604 1004 2689 poscit
1027 2605 1155 2672 Ulixes?

151 2701 220 2773 hoc'
242 2708 287 2772 ait
308 2700 469 2773 ‘utendum
492 2709 594 2773 estin
617 2726 669 2773 mo
691 2707 778 2788 mihi,
801 2707 916 2791 quique
939 2727 1048 2772 cruore
1192 2725 1242 2774 roo

151 2830 247 2896 saepe
267 2810 430 2894 Phrygum
453 2809 582 2892 maduit,
606 2809 724 2875 domiui
747 2830 831 2875 nunc
853 2809 950 2875 caede
972 2808 1119 2890 madebit,

151 2933 192 2978 ne
214 2913 379 2997 quisquam
400 2913 529 2977 Aiacem
552 2912 651 2996 possit
673 2932 822 2997 superare
844 2913 905 2978 nisi
927 2905 1033 2977 Aiax.’

151 3015 232 3080 dixit
254 3016 337 3080 etin
362 3022 471 3100 pectus
493 3023 559 3080 tum
582 3014 709 3081 demum
731 3016 862 3081 vulnera
883 3035 1020 3099 passum,

151 3138 214 3200 qua
236 3119 336 3202 patuit
358 3117 484 3199 ferrum,
507 3118 634 3182 letalem
657 3117 797 3184 condidit
819 3137 936 3183 ensem.

150 3239 210 3286 nec
231 3221 358 3285 valuere
381 3240 492 3286 manus
514 3220 646 3285 infixum
670 3220 803 3285 educere
826 3221 938 3286 telum:
1193 3239 1243 3289 roo

151 3324 272 3407 expulit
293 3323 362 3407 ipse
384 3342 481 3388 cruor.
516 3323 742 3404 rubefactaque
765 3323 919 3409 sanguine
942 3323 1033 3389 tellus

151 3444 340 3509 purpureum
362 3424 455 3489 viridi
477 3425 587 3509 genuit
610 3424 650 3490 de
673 3426 811 3510 caespite
833 3425 951 3506 florem,

151 3527 205 3609 qui
226 3527 313 3612 prius
336 3526 466 3593 Oebalio
489 3527 591 3593 fuerat
614 3528 654 3593 de
676 3529 806 3593 vulnere
828 3535 929 3593 natus.

151 3628 254 3694 littera
276 3632 449 3695 communis
472 3630 583 3696 mediis
605 3650 765 3716 pueroque
787 3632 917 3714 viroque

151 3730 301 3815 inscripta
322 3738 371 3798 est
392 3732 484 3814 foliis,
508 3732 587 3798 liaeo
609 3732 755 3813 nominis,
778 3732 831 3798 illa
854 3734 1006 3816 querelae.
1193 3753 1244 3802 410
