2934 4117
248 154 290 217 72
647 171 879 241 filetumorplyofeu.

247 342 354 409 deficit
374 363 426 409 ars
448 343 606 426 animique
629 345 759 430 cadunt,
784 345 975 428 totidemque
996 345 1152 428 videntur,

247 451 322 530 quot
343 446 474 511 veniunt
495 446 617 528 fluetus,
640 467 731 512 ruere
753 454 848 531 atque
870 448 1042 535 irrumpere
1063 453 1188 514 mortes.
1291 469 1324 518 es

289 549 361 613 Non
385 554 471 615 tenet
492 548 545 614 hic
566 549 720 633 lacrimas,
744 557 850 635 stupet
871 550 933 634 hic,
957 556 1051 616 vocat
1071 550 1124 615 ille
1147 549 1265 632 beatos,

247 651 359 716 funera
380 671 458 734 quos
479 658 643 735 maueant余
666 652 719 717 bie
740 652 822 718 votis
844 673 961 717 numen
984 651 1094 718 adorat

248 752 456 837 bracchiaque
477 753 520 818 ad
542 754 673 835 caelum,
697 754 782 837 quod
803 776 866 820 non
889 754 985 836 videt,
1008 754 1096 819 irrita
1117 754 1230 821 tollens

246 856 347 940 poscit
369 877 473 941 opem余
497 858 632 951 subeunt
653 857 699 921 illi
721 858 881 940 fraterque
902 877 1088 942 parensque,

247 958 320 1023 huic
342 979 412 1024 cum
434 959 617 1044 pignoribus
640 959 750 1026 domus
766 968 797 1025 et
813 960 896 1043 quod
917 960 1030 1041 cuique
1051 960 1195 1025 relictum
1218 966 1275 1026 est.
1290 979 1324 1029 uo

247 1061 390 1145 Alcyone
414 1061 520 1145 Ceyca
541 1070 661 1146 movet余
685 1063 800 1147 Ceycis
823 1063 855 1128 iu
878 1082 932 1127 ore

246 1163 333 1229 nulla
353 1163 415 1230 nisi
436 1165 579 1248 Alcyone
602 1171 663 1249 est余
687 1171 719 1230 et
742 1185 812 1230 cum
832 1163 988 1231 desideret
1009 1186 1114 1246 unam,

246 1265 365 1350 gaudet
385 1267 498 1333 abesse
520 1274 635 1332 tamen.
681 1267 802 1352 patriae
824 1287 947 1351 quoque
969 1268 1064 1332 vellet
1086 1268 1126 1332 ad
1149 1288 1219 1333 oras

246 1369 402 1454 respicere
423 1370 519 1452 inque
542 1369 668 1435 domum
691 1390 852 1455 supremos
874 1377 996 1435 vertere
1018 1370 1136 1434 vultus:

247 1491 366 1554 verum,
389 1472 515 1553 ubisit,
539 1473 653 1556 nescit3
677 1479 766 1537 tanta
788 1473 943 1556 vertigine
964 1479 1080 1557 pontus

247 1573 358 1655 fervet,
382 1581 413 1638 et
434 1574 564 1640 inducta
584 1574 683 1659 piceis
705 1594 723 1639 e
745 1574 883 1640 nubibus
904 1575 1015 1640 umbra

246 1696 339 1742 omne
361 1678 438 1741 latet
460 1677 580 1742 caelum
603 1676 823 1762 duplicataque
845 1677 946 1743 noctis
967 1677 1071 1761 imago
1093 1684 1149 1742 est.

289 1780 458 1863 Frangitur
480 1780 605 1844 incursu
627 1780 763 1845 nimbosi
786 1779 919 1845 turbinis
941 1779 1042 1860 arbor,

246 1881 401 1965 frangitur
424 1889 455 1946 et
475 1882 631 1966 regimem
655 1881 825 1965 spoliisque
847 1882 990 1948 animosa
1012 1888 1169 1966 superstes

247 1984 332 2048 unda
353 1986 440 2049 velut
460 1984 575 2049 victrix
597 1985 782 2066 sinuataque
805 1984 939 2069 despicit
959 1982 1069 2065 undae,

247 2106 306 2152 nee
327 2086 438 2168 levius,
462 2106 555 2169 quam
578 2086 676 2169 siquis
698 2087 804 2152 Athon
827 2086 1003 2152 Pindumve
1024 2087 1165 2151 revulsos

247 2189 321 2255 sedo
344 2209 402 2255 sua
422 2195 504 2255 totos
525 2191 558 2254 in
580 2195 723 2274 apertum
747 2189 893 2254 everterit
915 2209 1040 2272 aequor,
1202 2272 1205 2277 y

247 2293 453 2377 praecipitata
475 2291 559 2357 eadit
581 2292 760 2376 pariterque
782 2299 814 2357 et
835 2290 974 2376 pondere
997 2299 1028 2356 et
1049 2293 1113 2356 ictu

247 2396 360 2479 mergit
381 2396 413 2459 in
436 2396 500 2460 ima
522 2402 631 2460 ratem.
663 2415 734 2459 cum
758 2415 820 2477 qua
841 2415 914 2479 pars
936 2415 1053 2479 magna
1075 2395 1209 2458 virorum

246 2499 371 2583 gurgite
392 2517 502 2583 pressa
522 2499 613 2583 gravi
635 2496 738 2580 neque
760 2499 793 2562 in
815 2504 890 2563 adra
912 2496 1035 2562 reddita
1056 2498 1121 2561 fato

247 2600 356 2666 functa
377 2619 433 2667 suo
456 2608 512 2666 est.
550 2600 604 2665 alii
627 2606 732 2685 partes
755 2606 787 2664 et
808 2600 949 2664 membra
972 2600 1096 2663 carinae

247 2711 359 2770 trunca
379 2710 497 2770 tenent.
536 2710 621 2768 tenet
643 2704 711 2787 ipse
734 2723 840 2784 manu,
864 2723 926 2785 qua
949 2708 1073 2787 sceptra
1096 2702 1225 2782 solebat,

247 2806 404 2890 fragnrina
426 2806 543 2889 navigii
569 2806 659 2889 Ceyx
682 2825 885 2887 socerumque
907 2811 1090 2889 patremque

248 2911 373 2975 invocat
394 2908 469 2973 beu!
493 2908 616 2974 frustra.
652 2908 708 2975 sed
730 2909 864 2993 plurima
886 2907 992 2973 nantis
1013 2907 1046 2972 in
1069 2925 1123 2971 ore

247 3012 390 3095 Alcyone
412 3011 559 3077 coniunx.
597 3012 682 3075 illam
704 3010 910 3092 meminitque
928 3008 1096 3092 refertque,

247 3114 329 3180 illius
351 3122 426 3180 ante
448 3114 554 3180 oeulos
576 3120 610 3178 ut
631 3121 729 3199 agant
751 3133 809 3179 sua
831 3132 961 3197 corpora
981 3111 1102 3193 fluetus,

248 3223 345 3301 optat,
368 3223 400 3282 et
422 3216 577 3282 exanimis
599 3216 745 3281 manibus
767 3215 935 3280 tumuletur
956 3214 1073 3279 amicis.

248 3317 322 3383 dum
345 3326 443 3400 natat,
466 3319 639 3399 absentem,
665 3319 808 3399 quotiens
830 3317 904 3382 sinit
925 3315 1047 3381 hiscere
1069 3315 1190 3394 fluctus,

249 3421 390 3486 nominat
411 3423 576 3506 Alcyonen
598 3421 738 3506 ipsisque
760 3421 976 3484 immurmurat
999 3417 1099 3483 undis.

249 3542 322 3588 ecee
344 3543 438 3608 super
460 3522 579 3588 medios
601 3523 715 3588 fluctus
737 3522 827 3605 niger
848 3541 939 3586 arcus
961 3539 1112 3602 aquarum

249 3623 402 3708 frangitur
424 3633 456 3692 et
477 3634 568 3711 rupta
590 3645 726 3690 mersum
749 3630 844 3709 caput
864 3623 966 3689 obruit
987 3621 1103 3686 unda..

249 3726 374 3792 Lucifer
396 3729 555 3809 obscurus,
578 3747 638 3792 nec
660 3746 754 3809 quem
777 3743 964 3810 cognoscere
986 3742 1104 3810 posses,
