2934 4117
597 205 635 257 15.
655 201 729 269 litor.

155 374 245 441 solvit
267 375 353 441 etin
376 375 454 440 dura
476 374 630 440 submisso
652 375 770 459 poplite
792 382 875 441 terra

154 471 247 544 ‘Nox’
268 477 313 543 ait
335 471 468 543 ‘arcanis
489 476 652 559 fidissima,
675 498 819 561 quaeque
841 478 960 545 diurnis

154 602 248 647 aurea
270 601 340 646 cum
362 581 437 645 luna
458 580 625 646 succeditis
646 580 785 665 ignibus,
807 589 902 662 astra,

154 690 249 767 tuque
271 685 386 769 triceps
408 685 537 766 Hecate,
561 704 641 767 quae
664 685 783 769 coeptis
806 686 931 750 conscia
954 685 1066 751 nostris

154 787 354 871 adiutrixque
375 788 466 853 venis
489 794 661 871 cantusque
682 788 821 871 artisque
843 789 1004 872 magistra,

154 910 296 974 quaeque
317 909 436 974 magos,
459 890 575 970 Tellus,
598 890 788 974 pollentibus
810 890 939 955 instruis
961 890 1076 971 herbis,

153 1013 310 1077 auraeque
332 999 364 1059 et
385 992 472 1058 venti
493 999 678 1076 montesque
699 1013 872 1076 amnesque
893 994 1042 1075 lacusque

155 1098 248 1181 dique
270 1116 379 1162 omues
401 1116 562 1161 nemorum
585 1096 679 1179 dique
701 1117 810 1162 omnes
832 1097 942 1177 noctis,
966 1095 1088 1161 adeste!

155 1220 285 1284 quorum
306 1219 375 1284 ope,
399 1219 469 1265 cum
491 1199 586 1281 volui,
608 1199 685 1284 ripis
707 1199 894 1266 mirantibus
916 1218 1026 1264 amnes

154 1304 186 1368 in
209 1303 312 1368 fontes
333 1302 454 1368 rediere
475 1321 557 1383 suos,
581 1322 794 1385 concussaque
816 1303 902 1383 sisto,

155 1407 270 1472 stantia
292 1405 435 1471 concutio
458 1411 552 1471 cantu
572 1405 664 1486 freta,
686 1406 795 1471 nubila
816 1405 899 1489 pello

155 1510 325 1591 nubdaque
346 1508 470 1589 induco,
493 1514 605 1575 ventos
625 1508 782 1593 abigoque
804 1528 954 1593 voceque,

155 1614 298 1699 vipereas
320 1632 429 1697 rumpo
452 1612 557 1678 verbis
580 1620 612 1678 et
634 1612 771 1677 carmine
794 1611 911 1694 fauces,

155 1719 290 1800 vivaque
312 1736 391 1781 saxa
413 1735 471 1781 sua
492 1717 704 1799 convulsaque
725 1717 837 1781 robora
858 1722 942 1781 terra

156 1827 187 1886 et
209 1820 305 1885 silvas
326 1839 436 1885 moveo
459 1820 614 1903 iubeoque
636 1826 823 1885 tremescere
844 1825 968 1884 montes

156 1931 188 1989 et
209 1923 331 2008 mugire
354 1923 452 1989 solum
475 1942 646 2006 manesque
669 1922 757 1988 exire
779 1922 939 2007 sepulcris.

156 2035 189 2092 te
212 2046 344 2110 quoque,
366 2026 467 2107 Luna,
490 2026 589 2107 traho,
613 2026 757 2107 quamvis
779 2026 953 2091 Temesaea
975 2024 1098 2089 labores

156 2151 231 2197 aera
251 2135 321 2195 tuos
343 2128 501 2213 minuant;
525 2148 632 2194 currus
655 2148 779 2212 quoque
801 2128 939 2193 carmine
961 2132 1067 2192 nostro

158 2235 253 2318 pallet
273 2232 335 2313 avi,
358 2232 456 2316 pallet
476 2231 592 2297 nostris
612 2231 734 2297 Aurora
756 2231 897 2297 venenis.

156 2356 214 2402 vos
235 2335 312 2401 mihi
334 2341 492 2400 tauromm
514 2334 658 2400 flammas
679 2333 852 2401 hebetastis
875 2340 907 2399 et
927 2351 1009 2399 unco

155 2438 325 2524 impatiens
346 2438 450 2504 oneris
472 2438 584 2504 collum
605 2436 763 2522 pressistis
784 2443 899 2520 aratro,

156 2562 214 2608 vos
236 2541 465 2625 serpentigenis
486 2540 520 2606 in
543 2560 578 2606 se
599 2540 668 2605 fera
689 2540 773 2606 bella
795 2538 927 2607 dedistis

157 2643 380 2725 custodemque
403 2642 512 2707 rudem
535 2643 637 2708 somni
659 2643 786 2727 sopistis
808 2648 839 2707 et
861 2662 972 2707 aurum

158 2744 285 2811 vindice
306 2744 438 2829 decepto
461 2745 572 2811 Graias
594 2746 725 2812 misistis
746 2746 781 2810 in
802 2746 905 2811 urbes.

157 2868 244 2915 nunc
265 2868 344 2933 opus
367 2855 415 2913 est
436 2849 528 2930 sucis,
551 2868 608 2933 per
630 2868 707 2932 quos
727 2854 881 2913 renovata
902 2853 1048 2914 senectus

157 2954 193 3018 in
214 2951 321 3017 florem
343 2951 452 3016 redeat
472 2952 652 3036 primosque
673 2951 835 3036 recolligat
856 2971 964 3016 annos.

158 3062 193 3121 et
213 3053 338 3121 dabitis.
384 3074 486 3137 neque
510 3055 594 3119 enirn
615 3055 791 3120 micuerunt
813 3053 917 3120 sidera
937 3055 1062 3133 frustra,

157 3178 221 3224 nec
241 3156 357 3223 frustra
377 3158 539 3223 volucrum
559 3164 678 3223 tractus
700 3157 822 3223 cervice
844 3156 1014 3223 draconum
1202 3177 1235 3227 60

159 3281 269 3327 currus
290 3255 402 3326 adest’
446 3260 556 3326 aderat
578 3260 733 3327 demissus
755 3260 796 3325 ab
819 3260 945 3326 aethere
968 3279 1083 3324 currus.

205 3362 297 3441 Quod
318 3364 411 3430 simul
432 3362 598 3430 adscendit
619 3365 805 3447 frenataque
828 3364 907 3429 colla
928 3362 1098 3428 draconum

159 3466 324 3552 permulsit
345 3468 552 3550 manibusque
574 3468 660 3533 leves
681 3467 815 3551 agitavit
836 3467 987 3547 habenas,

159 3571 303 3637 sublimis
325 3571 445 3656 rapitur
466 3571 669 3654 subiectaque
690 3570 844 3636 Thessala
865 3571 985 3654 Tempe

160 3673 297 3757 despicit
319 3680 351 3740 et
371 3674 510 3740 Threces
531 3673 712 3758 regionibus
733 3674 872 3758 applicat
894 3690 1026 3757 angues.

160 3781 195 3841 et
218 3795 295 3857 quas
318 3775 399 3843 Ossa
421 3776 501 3857 tulit,
525 3795 603 3859 quas
625 3778 720 3841 altum
744 3776 853 3841 Pelion
876 3774 1001 3854 herbas,

215 3883 285 3929 Dnibs
299 3886 429 3941 uutqcutblts
442 3885 536 3939 diablrbtr.
554 3885 586 3939 (c
603 3885 686 3941 &ahtau
700 3885 722 3929 tu
736 3884 825 3939 babitu.)
1022 3878 1039 3925 4
