2934 4117
282 172 323 235 74
678 188 910 258 llletcmotpbolsu.

281 367 391 428 evocat
412 382 565 443 auroram,
588 382 649 427 nec
669 380 748 427 voce
770 360 895 427 silentia
916 370 1066 447 rumpunt

280 464 444 530 sollicitive
466 484 561 528 canes
584 464 757 530 canibusve
779 464 922 548 sagacior
943 485 1044 531 anser.

279 588 343 632 non
364 567 441 648 fera,
464 587 528 632 non
550 568 698 652 pecudes,
721 587 786 633 non
808 569 884 632 moti
906 567 1034 633 flamine
1056 572 1135 635 rami

280 670 477 735 humanaeve
500 690 610 736 sonum
632 669 770 736 reddunt
792 670 935 736 convicia
957 671 1092 755 linguae.

279 780 366 838 muta
389 773 476 856 quies
498 772 628 838 habitat.
652 793 730 838 saxo
753 779 860 838 tamen
883 774 950 838 exit
970 775 1012 838 ab
1034 775 1097 840 imo

204 956 206 958 =
278 877 365 942 rivus
387 896 489 960 aquae
510 877 637 957 Lethes,
660 897 717 962 per
740 896 833 959 quem
856 897 927 941 cum
949 897 1106 943 murmure
1128 878 1239 944 labens

277 980 391 1044 invitat
413 999 538 1045 somnos
562 980 788 1065 crepitantibus
810 978 897 1044 unda
917 979 1041 1064 lapillis.

277 1088 352 1147 ante
374 1081 459 1148 fores
481 1082 564 1147 antri
586 1081 723 1147 fecunda
745 1102 905 1167 papavera
926 1082 1039 1148 florent

278 1186 523 1268 innumeraeque
545 1185 672 1267 herbae,
697 1205 827 1268 quarum
850 1184 890 1250 de
912 1186 994 1250 lacte
1016 1205 1159 1270 soporem

278 1309 343 1354 nox
364 1288 442 1373 legit
464 1295 495 1354 et
517 1287 637 1372 spargit
658 1308 715 1372 per
736 1308 852 1373 opacas
874 1287 982 1353 umida
1003 1294 1110 1353 terras.

277 1392 373 1457 ianua
393 1411 455 1457 uec
476 1411 567 1457 verso
589 1390 738 1456 stridores
760 1390 888 1457 cardine
910 1390 1026 1456 reddit:

277 1495 363 1560 nulla
385 1495 477 1560 domo
499 1501 578 1579 tota3
604 1500 708 1560 custos
721 1495 756 1558 in
779 1494 886 1560 limine
909 1495 1021 1560 nullus.

278 1604 310 1662 at
331 1597 435 1662 medio
457 1604 542 1662 torus
565 1603 613 1662 est
635 1596 737 1662 ebeno
759 1597 901 1663 sublimis
921 1597 956 1662 in
978 1603 1078 1680 antro,

278 1700 430 1785 plumeae,
453 1700 600 1781 unicolor,
623 1700 709 1784 pullo
730 1699 888 1764 velamine
910 1705 1026 1784 tectus3

278 1823 339 1886 quo
362 1802 456 1867 cubat
477 1804 546 1886 ipse
568 1802 646 1868 deus
668 1803 818 1868 membris
839 1803 989 1887 languore
1011 1804 1128 1869 solutis.

278 1905 361 1970 bunc
384 1906 466 1970 circa
487 1906 604 1990 passim
626 1906 729 1970 varias
752 1904 908 1970 imitantia
929 1906 1046 1971 formas

277 1997 406 2075 Somnia
427 2028 511 2072 vana
532 2007 637 2072 iacent
658 2008 798 2089 totidem,
822 2014 897 2091 quot
919 2008 1030 2074 messis
1052 2009 1174 2090 adstas,

277 2110 358 2176 silva
378 2111 460 2195 gerit
480 2110 617 2192 frondes,
641 2111 758 2177 eiectas
779 2110 853 2176 litus
874 2110 1018 2176 harenas.

321 2212 390 2289 Quo
413 2214 504 2278 simul
526 2214 656 2278 intravit
677 2215 885 2296 manibusque
907 2214 1065 2279 obstantia
1087 2215 1176 2297 virgo

278 2316 406 2382 Somnia
428 2315 568 2396 dimovit,
591 2317 689 2382 vestis
712 2317 834 2400 fulgore
856 2317 971 2381 reluxit

278 2438 366 2483 sacra
388 2418 508 2484 domus.
533 2418 684 2501 tardaque
708 2420 786 2485 deus
808 2419 964 2504 gravitate
985 2420 1125 2485 iacentes

277 2522 332 2585 vix
355 2522 460 2587 oculos
482 2522 594 2587 tollens
614 2523 789 2604 iterumque
810 2523 985 2605 iterumque
1007 2522 1151 2588 relabens

278 2643 461 2705 summaque
484 2625 662 2708 percutiens
684 2625 809 2689 nutanti
831 2631 960 2710 pectora
981 2631 1097 2707 mento,

278 2727 416 2791 excussit
438 2726 566 2790 tandem
589 2727 649 2792 sibi
671 2747 715 2807 se,
740 2728 907 2809 cubitoque
928 2729 1061 2807 levatus,

278 2828 353 2911 quid
374 2829 490 2910 veniat,
514 2867 556 2875 -
579 2831 727 2913 cognovit
750 2831 833 2895 enim
856 2868 899 2878 —
921 2830 1058 2896 scitatur.
1093 2838 1126 2895 at
1146 2830 1217 2896 illa:

277 2925 413 3013 ‘Somne
436 2931 525 3014 quies
546 2951 660 3013 rerum,
683 2932 905 3017 placidissime,
929 2933 1054 3014 Somne,
1078 2932 1216 3012 deorum,

277 3056 341 3120 pax
362 3035 469 3115 animi,
493 3054 587 3117 quem
609 3056 684 3101 cura
705 3036 797 3120 fugit,
821 3037 874 3120 qui
897 3057 1027 3121 corpora
1048 3035 1134 3101 duris

277 3139 362 3205 sessa
382 3139 564 3204 ministeriis
585 3140 704 3205 mulces
725 3159 916 3223 reparasque
938 3140 1046 3219 labori,

277 3243 413 3323 Somnia,
438 3262 518 3325 quae
540 3262 631 3307 veras
653 3250 790 3325 aequent
812 3244 987 3307 imitamine
1009 3243 1134 3323 formas,

276 3345 431 3410 Herculea
451 3345 609 3410 Clraolrine
629 3346 704 3411 iube
726 3347 785 3411 sub
807 3346 946 3429 imagine
967 3345 1052 3429 regis

277 3449 441 3532 Alcyonen
463 3447 581 3514 adeant
602 3449 830 3531 simulacraque
852 3448 1007 3532 naufraga
1028 3448 1158 3531 fingant.

275 3552 410 3635 imperat
431 3550 492 3616 hoc
513 3546 614 3616 Iuno’
636 3557 803 3636 postquam
824 3550 972 3615 mandata
994 3550 1126 3634 peregit,

276 3654 335 3719 Iris
358 3654 435 3740 abit3
460 3674 562 3737 neque
585 3655 669 3720 enim
691 3655 820 3729 ulterius
842 3655 975 3720 tolerare
997 3652 1123 3740 vaporis
1222 3737 1227 3749 Ι

276 3756 341 3821 vim
364 3764 494 3841 poterat,
518 3758 644 3841 labique
666 3765 702 3825 ut
723 3778 867 3824 somnum
889 3759 988 3825 sensit
1008 3759 1042 3823 in
1064 3762 1160 3837 artus,
