2934 4117
631 201 747 270 dlepteu:
764 202 800 255 ΙΙ,
819 200 917 270 buitta.

599 409 631 478 2.
653 410 720 479 aaa
743 407 772 478 1.
795 410 946 479 beauce.

258 564 341 629 Ecce
362 563 421 628 tibi
443 564 590 645 faustum,
614 564 811 645 Germanice,
834 564 958 629 nuntiat
979 584 1099 628 annum

302 666 397 750 inque
419 687 489 733 mec
511 668 630 752 primus
653 668 791 733 carmine
812 668 909 732 Ianus
931 666 1030 732 adest.

153 806 154 809 =
260 771 337 836 Iane
359 769 477 855 biceps,
500 772 576 836 anni
598 772 692 836 tacite
714 770 850 836 labentis
872 771 969 854 origo,

206 944 208 946 ,
303 873 387 940 solus
409 873 450 939 de
471 874 592 959 superis
614 874 668 956 qui
689 880 745 939 tua
767 880 857 958 terga
879 872 980 955 vides,

261 976 372 1044 dexter
393 977 470 1042 ades
492 977 634 1061 ducibus,
657 998 788 1060 quorum
810 997 921 1043 secura
941 977 1048 1044 labore

303 1081 366 1147 otia
388 1086 471 1146 terra
492 1081 592 1162 ferax,
616 1082 680 1145 etia
701 1087 817 1165 pontus
838 1080 945 1162 habet,

262 1188 373 1251 dexter
394 1184 471 1251 ades
492 1185 696 1270 patribusque
718 1185 780 1250 tuis
802 1185 980 1269 populoque
1002 1184 1125 1261 Quirini

305 1294 336 1354 et
357 1309 462 1354 resera
483 1295 561 1353 nutu
584 1287 720 1353 candida
743 1289 860 1373 templa
882 1294 944 1353 tuc.

262 1413 411 1478 prospera
431 1393 487 1458 lux
510 1393 619 1457 uritur:
641 1390 758 1477 linguis
780 1393 956 1473 animisque
977 1391 1096 1457 favete!
1196 1399 1198 1402 ’

304 1516 389 1561 nunc
410 1494 545 1561 dicenda
566 1497 651 1561 bona
671 1501 745 1561 sunt
767 1497 851 1561 bona
872 1496 969 1561 verba
990 1493 1051 1560 die.

261 1601 316 1666 tite
337 1606 452 1665 vacent
473 1618 574 1684 aures,
597 1599 773 1681 insanaque
795 1599 937 1684 protinus
958 1599 1064 1664 absint

304 1703 419 1787 iurgia:
443 1702 534 1767 differ
556 1723 643 1787 opus,
667 1703 765 1767 livida
787 1703 888 1786 turba,
912 1704 1013 1767 tuum!

263 1807 374 1888 cernis,
397 1805 534 1872 odoratis
555 1811 590 1871 ut
612 1806 715 1870 luceat
736 1806 864 1889 ignibus
885 1805 995 1871 aether

305 1916 336 1976 et
359 1916 449 1975 scuet
470 1910 612 1974 accensis
634 1909 723 1994 spica
747 1909 859 1975 Cilissa
881 1908 982 1975 focis?

263 2013 390 2080 flamma
411 2013 512 2078 nitore
533 2032 589 2077 suc
612 2013 799 2096 templorum
822 2014 967 2078 verberat
990 2033 1101 2078 aurum

306 2124 337 2183 ct
358 2117 525 2182 tremulum
548 2136 670 2182 summa
692 2117 814 2201 spargit
835 2117 868 2181 in
891 2116 971 2183 aede
993 2117 1092 2184 iubar.

262 2221 403 2287 vestibus
425 2221 551 2286 intactis
571 2219 724 2304 Tarpeias
746 2221 808 2285 itur
828 2220 862 2285 in
884 2240 983 2302 arces,

306 2331 338 2390 et
359 2325 492 2410 populus
513 2324 593 2389 festo
616 2324 760 2389 concolor
782 2324 850 2408 ipse
872 2343 928 2389 suc
951 2329 1007 2389 est.

262 2429 388 2511 iamque
410 2428 484 2494 novi
505 2434 658 2512 praeeunt
679 2428 792 2510 fasces,
815 2447 898 2493 nova
920 2447 1057 2512 purpura
1079 2427 1188 2512 fulget,

307 2539 338 2598 et
359 2551 443 2597 nova
465 2532 667 2616 conspicuum
689 2530 830 2616 pondera
851 2531 948 2596 sentit
970 2533 1055 2597 ebur.

264 2637 343 2702 colla
363 2634 458 2700 rudes
478 2654 607 2719 opernm
628 2634 784 2719 praebent
805 2633 948 2700 ferienda
970 2633 1104 2715 iuvenci,

306 2758 384 2822 quos
405 2738 483 2803 aluit
505 2737 625 2822 campis
647 2737 747 2804 herba
769 2738 894 2802 Falisca
916 2737 990 2802 suis.

264 2843 404 2928 Iuppiter
425 2862 497 2907 arce
519 2861 578 2906 sua
599 2847 698 2906 tutum
722 2860 793 2905 eum
815 2846 937 2925 spectat
959 2841 992 2905 in
1015 2841 1133 2922 orbem,

306 2946 351 3011 nil
372 2945 433 3010 nisi
455 2946 641 3026 Romanum,
665 2943 749 3026 quod
771 2949 905 3026 tueatur,
928 2943 1033 3009 habet.

264 3049 359 3129 salve,
383 3048 466 3113 laeta
488 3046 565 3128 dies,
588 3046 760 3129 meliorque
782 3053 939 3112 revertere
961 3066 1094 3131 semper,

306 3173 326 3218 a
348 3152 462 3236 populu
483 3171 587 3217 rerum
609 3149 707 3234 digna
728 3155 857 3235 potente
880 3150 952 3215 ccli!

461 3383 493 3454 3.
515 3388 583 3454 bct
605 3382 653 3453 11.
676 3385 826 3453 baasae.
861 3385 1098 3453 dctueatalta.

531 3512 677 3592 (unauna.
700 3513 825 3591 detentet
842 3515 894 3575 urb
911 3512 1023 3593 ducat).
1128 3562 1130 3569 .

266 3666 358 3733 Unde
380 3673 485 3751 petam
508 3686 619 3731 causas
641 3666 752 3731 herum
774 3686 954 3750 moremque
976 3666 1158 3732 sacrorum?

308 3767 423 3852 diriget
444 3769 477 3832 in
500 3767 602 3833 medic
625 3769 695 3850 quis
717 3788 789 3833 mea
810 3771 883 3835 vela
904 3769 1010 3836 freto?
