2934 4117
453 201 477 253 3.
501 198 552 253 ilie
570 198 857 268 (titteroetlcuuulung.

139 371 329 437 effodiuntur
351 392 436 455 opes,
459 372 655 437 irritamenta
676 373 838 437 malorum.

138 476 263 556 iamque
286 494 403 539 nocens
425 475 540 539 ferrum
563 474 707 557 ferroque
729 475 894 541 nocentius
916 497 1027 541 aurum

137 580 310 663 prodierat3
333 578 437 663 prodit
458 579 584 660 bellum,
609 578 692 660 quod
715 586 836 663 pugnat
857 587 989 662 utroque

137 684 375 765 sanguineaque
397 702 493 747 manu
515 682 702 765 crepitantia
723 682 860 747 concutit
881 703 978 747 arma
1183 704 1215 752 sc

137 785 255 850 vivitur
276 804 318 850 ex
340 792 443 869 rapto;
467 804 530 849 non
552 784 668 869 hospes
690 787 731 850 ab
755 785 877 870 hospite
899 792 993 865 tutus,

137 909 201 953 non
224 908 312 954 socer
334 909 355 952 a
375 908 506 973 genero;
531 889 661 954 fratrum
684 908 808 971 quoque
829 889 932 972 gratia
953 910 1024 953 rara
1046 896 1103 954 est.

137 993 281 1056 imminet
303 992 400 1056 exitio
422 991 470 1055 vir
493 992 644 1075 coniugis,
666 992 721 1056 illa
744 992 860 1076 mariti;

137 1095 239 1159 lurida
261 1095 415 1160 terribiles
438 1095 571 1160 miscent
592 1095 717 1159 aconita
739 1114 906 1179 novercam

136 1198 220 1263 filius
241 1205 315 1263 ante
337 1198 421 1262 diem
443 1198 560 1282 patrios
580 1198 710 1281 inquirit
732 1198 764 1263 in
786 1219 895 1263 annos.

137 1302 223 1367 vieta
244 1302 327 1366 iacet
348 1301 459 1386 pietas,
483 1308 515 1366 et
535 1301 633 1385 Virgo
655 1300 753 1366 caede
774 1300 948 1383 madentes,

138 1406 248 1469 ultima
270 1405 450 1488 caelestum,
472 1411 572 1470 terras
594 1406 728 1470 Astraea
749 1405 883 1488 reliquit.

180 1509 272 1573 Neve
294 1507 374 1572 foret
395 1507 486 1573 terris
507 1509 644 1574 securior
665 1507 782 1573 arduus
803 1507 922 1590 aether,

138 1612 315 1677 adfectasse
337 1611 442 1676 ferunt
463 1632 595 1696 regnum
617 1612 753 1677 caeleste
774 1612 921 1695 gigantas

136 1716 262 1798 uimque
286 1722 451 1799 congestos
472 1716 625 1779 struxisse
646 1713 688 1778 ad
710 1713 815 1780 sidera
835 1722 965 1779 montes.

137 1827 203 1884 turn
225 1825 315 1902 pater
337 1819 534 1902 omnipotens
556 1818 652 1884 misso
673 1818 825 1904 perfregit
846 1818 1017 1902 Olympum

137 1922 269 1987 fulmine
292 1929 324 1986 et
346 1922 485 1987 excussit
507 1921 646 1987 subiecto
668 1922 777 1987 Pelion
800 1921 907 1987 Ossae.

137 2026 251 2090 obruta
272 2026 355 2089 mole
378 2044 435 2089 sua
458 2045 528 2090 oum
551 2045 680 2110 corpora
702 2023 771 2089 dira
792 2025 940 2105 iacerent,

137 2128 296 2211 perfusam
320 2129 416 2192 multo
439 2134 582 2193 natorum
604 2128 760 2212 sanguine
781 2128 910 2192 Terram

137 2229 341 2295 immaduisse
364 2230 469 2294 ferunt
491 2229 688 2313 calidumque
710 2230 868 2295 animasse
891 2251 1030 2295 eruorem

138 2341 178 2412 et,
201 2353 243 2398 ne
266 2334 353 2397 nulla
375 2353 451 2398 suae
474 2334 579 2418 stirpis
601 2340 804 2399 monumenta
826 2341 999 2414 manerent,

136 2438 170 2500 in
192 2436 309 2500 faciem
331 2436 464 2501 vertisse
487 2436 656 2501 hominum.
680 2436 738 2501 sed
760 2442 792 2500 et
813 2436 867 2500 illa
889 2457 1029 2520 propago

137 2540 349 2623 contemptrix
372 2558 519 2623 superum
543 2558 719 2620 saevaeque
741 2538 925 2603 avidissima
947 2539 1053 2603 caedis

136 2650 169 2706 et
191 2641 331 2706 violenta
354 2641 426 2705 fuit:
450 2641 546 2707 scires
569 2662 586 2705 e
608 2642 763 2725 sanguine
785 2647 885 2706 natos.

396 2830 427 2898 3.
457 2833 517 2901 llic
540 2832 906 2914 &incestuositates
1009 2909 1014 2920 Ι

560 2951 748 3022 (ῗςοτῒὶεβιιιις.)

180 3053 270 3131 Quae
292 3061 383 3138 pater
405 3061 439 3120 ut
461 3075 583 3120 summa
604 3055 684 3119 vidit
706 3055 870 3121 Saturnius
892 3074 974 3136 aree,

135 3158 270 3241 ingemit
293 3168 324 3221 et
347 3159 431 3223 facto
454 3158 593 3224 nondum
615 3159 746 3240 vulgata
766 3158 885 3223 recenti

135 3260 230 3324 foeda
252 3261 434 3344 Lycaoniae
455 3261 595 3326 referens
617 3261 764 3326 convivia
785 3280 913 3325 mensae

135 3362 283 3445 ingentes
304 3363 411 3428 animo
434 3369 466 3429 et
488 3363 601 3448 dignas
623 3365 699 3429 Iove
722 3364 859 3447 concipit
880 3363 943 3426 iras

26 3527 27 3536 ,
135 3465 365 3548 conciliumque
388 3472 493 3531 vocat:
517 3468 618 3531 tenuit
640 3485 728 3530 mora
749 3466 836 3531 nulla
857 3473 993 3529 vocams.

135 3574 185 3631 est
206 3568 261 3631 via
283 3569 436 3650 sublimis,
460 3571 546 3634 caelo
569 3569 739 3634 manifesta
761 3588 886 3653 sereno;

134 3670 239 3734 lactea
261 3691 377 3736 nomen
400 3672 505 3754 habet,
529 3672 664 3738 caudore
687 3672 834 3737 notabilis
856 3672 934 3755 ipso.

135 3771 196 3837 lrae
219 3774 278 3838 iter
301 3783 350 3840 est
372 3776 494 3859 superis
516 3774 558 3839 ad
580 3775 687 3859 magni
710 3780 793 3838 tecta
815 3774 968 3838 Tonantis

966 3875 995 3926 l*
