2934 4117
218 141 279 205 120
590 154 704 224 bleqicn:
723 153 759 210 ΙΙ.
778 154 875 224 {putten

215 337 249 397 tu
271 350 405 414 quoque,
428 329 455 395 si
476 329 590 394 falsum
615 335 663 394 est
684 328 828 393 temerati
851 328 969 394 crimen
990 328 1094 410 amici,

258 433 421 518 sanguinis
442 438 537 514 atque
558 432 685 497 animae
706 429 838 515 prodige
860 431 950 496 Galle
972 437 1054 497 tuae.
1258 454 1292 501 co

215 537 266 603 bis
287 556 392 602 comes
414 535 525 601 umbra
539 540 594 600 tua
609 539 665 600 est.
694 535 785 616 siqua
801 540 849 599 est
862 532 955 600 modo
971 534 1109 618 corporis
1122 536 1243 615 umbra,

259 639 376 705 auxisti
399 657 554 720 numeros,
578 638 660 703 culte
681 637 815 718 Tibulle,
838 637 916 722 pios.

216 762 289 808 ossa
311 742 427 825 quieta,
450 761 569 826 precor,
593 746 661 806 tuta
682 740 869 822 requiescite
890 739 923 804 in
946 760 1035 823 urna,

260 851 291 910 et
313 844 355 911 sit
375 844 489 910 humus
512 844 608 909 cineri
630 863 694 908 non
717 863 849 909 onerosa
871 845 937 909 tuot

474 1024 505 1096 5.
529 1027 680 1096 scrabra
702 1028 759 1095 err
781 1025 991 1096 tacebitur.

217 1156 302 1219 Rura
324 1174 447 1237 quoque
468 1155 627 1220 oblectant
648 1154 771 1219 animos
793 1153 993 1236 studiumque
1016 1154 1151 1221 colendi:

260 1257 419 1339 quaelibet
439 1257 514 1323 huic
536 1277 630 1322 curae
652 1257 764 1322 cedere
786 1276 861 1322 cura
882 1263 995 1341 potest.

218 1360 298 1426 colla
319 1359 394 1426 iube
417 1359 550 1426 domitos
572 1360 659 1425 oneri
682 1378 858 1445 supponere
881 1366 996 1441 tauros,

260 1464 379 1530 sauciet
401 1462 436 1529 ut
458 1462 568 1528 duram
591 1483 698 1529 vomer
719 1462 862 1529 aduncus
884 1462 1027 1529 humum:

217 1567 313 1633 obrue
336 1574 462 1632 versata
484 1566 620 1634 Cerialia
641 1566 764 1631 semina
786 1574 878 1647 terra,

261 1675 342 1753 quae
364 1670 422 1737 tibi
446 1690 516 1736 cum
538 1671 636 1735 multo
658 1670 786 1735 faenore
808 1668 920 1735 reddat
942 1690 1027 1754 ager.
1082 1756 1083 1759 Ἴ

217 1774 346 1859 adspice
379 1779 523 1840 curvatos
545 1793 706 1859 pomorum
729 1772 869 1858 pondere
891 1770 1012 1856 ramos,

255 1883 291 1942 nt
312 1896 378 1958 sua,
403 1876 486 1959 quod
508 1877 639 1961 peperit,
662 1876 724 1959 vix,
741 1875 824 1942 ferat
845 1876 939 1942 arbor
960 1897 1047 1943 onus.

217 1980 346 2065 adspice
378 1980 521 2046 labentes
542 1978 678 2045 iucundo
701 1999 858 2045 murmure
880 1979 977 2045 rivos:

260 2083 390 2168 adspice
423 2082 590 2149 tondentes
613 2082 715 2149 fertile
737 2103 868 2167 gramen
891 2103 976 2149 ores.

219 2207 292 2254 ecce
314 2193 426 2272 petunt
446 2207 540 2272 rupes
561 2193 791 2272 praeruptaque
813 2207 893 2253 saxa
915 2188 1069 2272 capellae:

261 2291 325 2355 iam
347 2289 486 2355 referent
507 2290 618 2355 haedis
641 2292 740 2356 ubera
761 2291 856 2374 plena
878 2290 952 2355 suis.

218 2399 325 2480 pastor
346 2394 504 2476 inaequali
526 2393 704 2459 modulatur
726 2394 880 2459 arundine
903 2414 1039 2477 carmen,

262 2517 322 2563 nec
344 2497 458 2563 desunt
480 2498 619 2580 comites,
642 2498 752 2564 sedula
774 2499 875 2580 turba,
900 2517 1003 2563 canes.

218 2606 308 2685 parte
330 2608 444 2666 sonant
465 2601 529 2665 alia
551 2601 650 2666 silvae
672 2601 844 2684 mugitibus
865 2601 957 2683 altae,

262 2709 294 2769 et
316 2703 454 2786 queritur
476 2704 607 2769 vitulum
629 2711 730 2769 rnater
752 2703 864 2769 abesse
886 2724 985 2769 suum.

218 2806 304 2891 quid,
328 2826 399 2872 cum
421 2806 610 2892 compositos
632 2808 759 2891 tugiunt
782 2808 930 2874 examina
951 2808 1063 2892 fumos,

261 2917 296 2975 ut
318 2910 459 2976 relevent
481 2910 599 2996 dempti
621 2910 741 2976 vimina
763 2930 860 2976 curva
881 2910 969 2976 favi?

218 3033 312 3098 poma
334 3011 389 3078 dat
410 3020 588 3096 autumnus,
612 3013 748 3079 formosa
770 3021 818 3080 est
839 3015 993 3082 messibus
1015 3020 1129 3096 aestas,

261 3137 317 3182 ver
338 3116 470 3201 praebet
492 3116 593 3199 flores,
616 3116 691 3201 igne
713 3118 837 3182 levatur
858 3118 968 3183 hiems.

219 3220 413 3305 temporibus
436 3221 529 3290 certis
551 3228 708 3287 maturam
729 3221 864 3286 rusticus
887 3242 980 3286 uvam

261 3322 371 3408 deligit
394 3329 426 3389 et
447 3324 532 3391 nudo
555 3326 613 3391 sub
636 3324 717 3409 pede
739 3332 843 3390 musta
864 3325 979 3390 fluunt:

218 3426 411 3511 temporibus
434 3428 527 3494 certis
550 3427 694 3495 desectas
716 3429 826 3513 alligat
847 3429 962 3495 herbas

262 3537 294 3596 et
315 3537 439 3595 tonsam
460 3551 530 3597 raro
552 3531 678 3616 pectine
699 3532 797 3598 verrit
818 3533 956 3598 humum.

218 3631 287 3716 ipse
308 3638 398 3716 potes
418 3633 517 3718 riguis
538 3636 680 3719 plantam
703 3635 861 3720 deponere
882 3635 915 3700 in
938 3635 1046 3719 hortiS,

263 3735 331 3820 ipse
352 3743 442 3820 potes
463 3737 547 3803 n‘vos
570 3738 684 3804 ducere
707 3740 787 3805 lenis
808 3759 918 3822 aquae.
