2934 4117
264 172 326 238 182
516 187 625 257 etesia:
650 188 697 244 IV.
717 186 803 256 tbticte
821 197 878 243 bom
897 187 1008 256 ticieus.

261 382 391 448 corpora
413 361 567 429 debentur
589 362 717 428 maestis
740 343 915 447 exsanguia
937 361 1051 427 bustis:

304 466 459 551 effugiunt
481 471 614 532 structos
636 486 752 533 nornen
773 466 933 548 honorque
955 486 1056 550 rogos.

261 568 375 635 occidit
397 574 430 634 et
450 568 592 633 Theseus
615 574 646 634 et
669 568 721 652 qui
745 569 906 634 comitavit
928 568 1070 649 Oresten,

304 671 361 738 sed
383 677 490 737 tamen
512 671 546 735 in
568 670 678 738 laudes
700 671 782 737 vivit
803 678 935 754 uterque
957 691 1040 737 suas.

261 795 318 842 vos
341 774 435 840 etiam
458 775 519 840 seri
542 773 716 840 laudabunt
739 794 835 859 saepe
856 782 988 860 nepotes

275 908 277 911 ·
305 877 450 961 ohraque
473 878 531 944 erit
554 877 677 962 scriptis
699 877 799 961 gloria
821 883 927 943 vestra
948 877 1036 943 meis.

262 981 313 1045 hic
336 1000 460 1064 quoque
482 982 686 1047 Sauromatae
707 980 771 1045 iam
792 1000 850 1045 vos
872 1001 988 1047 novere
1011 981 1174 1064 Getaeque

306 1093 337 1151 et
359 1085 438 1151 tales
460 1085 583 1151 auimcs
604 1086 740 1151 barbara
761 1087 854 1151 turba
876 1086 996 1169 probat.

262 1208 396 1272 cumque
419 1208 478 1273 ego
501 1188 542 1254 de
564 1194 669 1254 vestra
690 1207 792 1272 nuper
813 1188 969 1273 probitate
992 1188 1150 1271 referrem,
1174 1227 1216 1235 -

305 1312 378 1356 nam
401 1289 497 1356 didici
520 1291 630 1357 Getice
652 1292 887 1374 Sarmaticeque
909 1291 992 1374 loqui
1013 1329 1057 1339 —-

264 1396 342 1460 forte
363 1415 463 1462 senex
485 1394 623 1479 quidam,
647 1401 739 1459 coetu
761 1414 832 1459 cum
855 1401 953 1460 staret
974 1394 1007 1459 in
1030 1395 1092 1479 iilo,

304 1496 441 1564 reddidit
462 1497 503 1562 ad
526 1504 648 1563 nostros
671 1496 748 1563 talia
769 1498 868 1563 verba
889 1517 995 1564 sonos:

264 1603 331 1668 ‘nos
354 1622 479 1685 quoque
499 1601 658 1666 amicitiae
680 1621 805 1682 nomen,
829 1602 921 1681 bone,
944 1602 1099 1683 novimus,
1122 1602 1247 1687 hospes,

305 1725 382 1787 quos
403 1705 511 1790 procul
532 1724 553 1768 a
574 1705 666 1771 vobis
687 1705 806 1770 Pontus
828 1710 860 1769 et
882 1704 988 1770 Hister
1010 1706 1113 1771 habet.

263 1815 311 1874 est
332 1810 419 1874 locus
440 1808 473 1873 in
496 1808 636 1892 Scythia,
660 1847 702 1855 —
724 1811 844 1874 Tauros
867 1808 976 1874 dixere
998 1809 1117 1894 priores
1139 1848 1182 1857 -

306 1911 360 1993 qui
382 1911 494 1978 Getica
515 1912 609 1996 longe
631 1930 695 1975 non
716 1910 763 1976 ita
784 1909 881 1976 distat
902 1911 1006 1977 humo.

263 2014 323 2080 hac
345 2035 404 2100 ego
425 2033 495 2081 sum
518 2021 601 2079 terra
623 2053 664 2062 -
686 2013 809 2100 patriae
830 2034 890 2080 nec
912 2015 1053 2100 paenitet
1075 2053 1117 2062 -
1140 2022 1239 2101 ortus,

306 2123 479 2183 consortem
501 2117 621 2183 Phoebi
642 2136 723 2202 gens
746 2117 819 2182 colit
839 2117 895 2183 ilia
917 2117 1018 2183 deam.

263 2222 380 2306 templa
401 2228 530 2286 manent
552 2221 645 2287 hodie
667 2221 767 2287 vastis
789 2221 901 2287 innixa
923 2221 1084 2304 columnis,

305 2344 423 2407 perque
446 2331 557 2406 quater
578 2323 678 2390 denos
698 2323 761 2390 itur
782 2324 816 2389 in
838 2324 893 2388 illa
914 2324 1040 2407 gradus.

263 2429 348 2493 fama
368 2427 465 2494 refert
485 2428 550 2493 illic
572 2429 698 2512 signum
720 2429 856 2495 caeleste
878 2427 990 2494 fuisse:

306 2551 429 2615 quoque
451 2531 554 2597 minus
577 2531 711 2612 dubites,
734 2538 798 2597 stat
818 2531 905 2598 basis
927 2532 1004 2597 orba
1026 2530 1100 2618 dea;

261 2653 388 2717 araque,
411 2655 492 2718 quae
513 2634 616 2700 fuerat
637 2640 751 2699 natura
773 2632 909 2699 candida
931 2634 1012 2716 saxi,

305 2736 430 2803 decolor
451 2736 563 2802 adfuso
586 2737 685 2802 tincta
707 2757 815 2803 cruore
836 2739 937 2807 rubet.

261 2841 380 2906 semina
402 2860 492 2905 sacra
513 2839 590 2904 facit
611 2840 724 2905 taedae
746 2860 810 2905 non
832 2846 908 2906 nota
928 2840 1035 2925 iugali,

305 2963 386 3026 quae
408 2949 536 3027 superat
557 2941 724 3026 Scythicas
746 2942 909 3009 nobilitate
931 2964 1036 3009 nurus.

261 3046 394 3114 sacrifici
416 3066 517 3131 genus
539 3051 596 3128 est,
621 3085 662 3094 -
685 3047 731 3111 sie
753 3046 914 3112 instituere
937 3054 1084 3131 parentes
1106 3085 1149 3096 -

304 3149 429 3214 advena
450 3148 593 3233 uirgineo
617 3169 727 3215 caesus
749 3156 783 3215 ut
806 3169 882 3215 ense
905 3150 1006 3215 cadat.

260 3273 360 3338 regna
380 3253 509 3317 Thoans
530 3252 641 3319 habuit
662 3252 820 3318 Maeotide
842 3254 944 3319 clarus
965 3253 999 3318 iu
1021 3274 1084 3336 ora,

303 3376 363 3422 nec
384 3355 445 3421 fuit
465 3355 599 3421 Euxinis
622 3357 723 3426 notior
744 3357 823 3423 alter
844 3356 944 3439 aquis.

261 3465 386 3545 sceptra
407 3464 535 3525 tenente
557 3458 610 3524 illo
633 3459 769 3542 liquidas
790 3459 905 3525 fecisse
926 3481 983 3544 per
1004 3480 1097 3526 auras

304 3561 410 3628 nescio
433 3582 528 3644 quarn
550 3561 658 3627 dicunt
679 3562 868 3647 Iphigenian
890 3562 959 3627 iter.

263 3683 357 3745 quarn
377 3664 502 3731 levibus
524 3665 628 3731 ventis
650 3668 708 3732 sub
731 3666 817 3731 nube
838 3685 896 3751 per
917 3686 1054 3749 aequora
1076 3672 1200 3732 vectam

305 3763 441 3831 creditur
462 3767 512 3832 his
534 3768 661 3834 Phoebe
684 3767 868 3853 deposuisse
889 3769 974 3834 locis.
