2934 4117
576 150 608 208 l,
633 146 684 203 1111
702 146 778 215 qratia
796 147 865 214 &lut

209 319 319 382 nuntia
339 320 470 384 Iunonis
494 319 595 385 varios
618 320 728 384 induta
751 321 869 385 colores

148 463 152 469 -
208 422 343 505 concipit
364 422 424 487 Iris
445 442 545 505 aquas
566 422 777 505 alimentaque
799 423 936 489 nubibus
957 423 1069 489 adfert.
1254 443 1284 489 ιο
1338 475 1341 480 Α

207 529 387 589 sternuntur
410 532 534 608 segetes
557 532 589 590 et
610 525 775 610 deplorata
797 527 914 592 colonis

207 634 281 692 vota
301 628 407 692 iacent
428 628 578 711 longique
599 629 681 713 perit
702 630 791 695 labor
813 630 917 695 irritus
939 631 1025 695 anni.

208 750 266 795 neo
288 728 375 797 caelo
398 737 546 796 contenta
567 752 623 797 sno
646 738 693 796 est
715 732 801 797 Iovis
822 732 878 813 ira,
902 732 958 797 sed
980 733 1066 797 illum

208 834 368 900 caeruleus
390 833 487 898 frater
508 834 597 899 iuvat
617 834 825 900 auxiliaribus
847 834 948 899 undis.

208 942 359 1001 convocat
381 937 432 1001 hic
453 957 572 1002 amnes.
596 937 649 1020 qni
671 944 836 1021 postquam
858 945 941 1002 tecta
963 938 1090 1022 tyranni
1254 958 1284 1003 rs

207 1039 364 1104 intravere
386 1040 444 1122 sui,
467 1032 542 1105 ‘non
565 1046 612 1105 est
634 1041 808 1106 hortamine
828 1040 924 1125 longo

207 1138 301 1206 nuno'
323 1143 368 1207 ait
390 1135 561 1208 ‘utendum
584 1142 667 1209 vires
690 1142 842 1209 effundite
863 1150 993 1225 vestras,

208 1248 253 1310 sio
274 1267 353 1331 opus
376 1254 437 1330 est3
460 1247 580 1330 aperite
602 1246 711 1312 domos
733 1267 772 1311 ae
794 1247 874 1310 mole
897 1254 1016 1311 remota

207 1350 388 1415 fluminibus
409 1349 523 1414 restris
546 1356 628 1414 totas
650 1350 808 1413 immittite
830 1346 992 1415 habenas?

206 1455 352 1519 iusserat:
375 1453 409 1516 hi
430 1452 563 1517 redeunt
584 1472 624 1517 ao
644 1451 784 1517 fontibus
806 1472 862 1516 ora
883 1453 1027 1516 relaxant
1250 1469 1283 1517 ao

208 1564 239 1621 et
260 1556 424 1621 defrenato
446 1555 615 1621 volvuntur
635 1556 668 1619 in
691 1575 829 1638 aequora
851 1575 951 1620 cursu.

208 1661 275 1745 ipse
297 1659 433 1724 tridente
456 1679 512 1723 sno
536 1666 650 1724 temam
673 1660 840 1742 percussit:
863 1665 897 1723 at
918 1660 972 1723 illa

208 1763 367 1827 intremuit
388 1768 537 1844 motuque
559 1762 628 1827 vias
650 1762 800 1845 patefecit
821 1782 982 1843 aquarum.

208 1866 386 1950 exspatiata
408 1871 503 1930 ruunt
524 1885 581 1949 per
602 1872 728 1947 apertos
749 1864 880 1929 flumina
902 1885 1031 1949 campos

208 1990 341 2051 cumque
364 1970 442 2035 satis
463 1971 593 2034 arbusta
615 1969 708 2033 simul
729 1968 929 2052 pecudesque
951 1970 1097 2051 virosque

208 2078 352 2156 tectaque
375 2092 509 2154 cumque
531 2072 596 2136 suis
618 2071 746 2155 rapiunt
767 2073 942 2156 penetralia
963 2073 1068 2137 sacris.

208 2177 299 2259 siqua
320 2176 431 2241 domus
453 2175 568 2240 mansit
589 2175 752 2259 potuitque
773 2176 918 2241 resistere
940 2182 1027 2240 tanto

207 2279 365 2344 indeiecta
385 2279 478 2359 malo,
501 2280 625 2342 culmen
646 2285 753 2343 tamen
775 2279 866 2342 altior
888 2278 980 2343 huius

209 2381 294 2447 nuda
315 2382 404 2466 tegit,
426 2401 616 2465 pressaeque
638 2382 738 2445 latent
759 2382 817 2446 sub
840 2382 964 2463 gurgite
987 2388 1095 2445 turres.

252 2487 382 2567 Iamque
403 2504 490 2549 mare
512 2490 544 2549 et
566 2484 657 2549 tellus
679 2484 799 2547 nullum
822 2483 989 2549 discrimen
1012 2484 1183 2548 habebant:
1250 2510 1283 2555 30

210 2589 315 2654 omnia
335 2594 450 2671 pontus
472 2593 574 2671 erant;
598 2586 729 2652 deerant
752 2607 875 2670 quoque
896 2587 987 2652 litora
1008 2594 1112 2671 ponto.

209 2697 342 2776 occupat
362 2689 416 2755 hio
437 2691 557 2770 collem,
581 2693 694 2756 cumba
716 2690 805 2755 sedet
826 2691 905 2755 alter
926 2691 1051 2755 adunca

210 2803 242 2861 et
263 2794 349 2860 ducit
370 2813 473 2859 remos
494 2793 567 2875 illio,
589 2794 644 2858 ubi
666 2814 768 2878 nuper
787 2801 905 2878 ararat3

209 2899 261 2963 ille
283 2918 379 2982 supra
400 2904 525 2982 segetes
546 2904 602 2962 aut
623 2916 745 2962 mersae
767 2898 904 2961 culmina
926 2897 1019 2962 villae

209 3001 349 3085 navigat,
372 3001 424 3064 hic
446 3020 568 3065 summa
588 2999 708 3084 piscem
730 2999 897 3083 deprendit
917 3001 951 3064 in
973 3002 1065 3065 ulmo.
1250 3023 1283 3071 35

209 3106 315 3188 figitur
336 3105 370 3168 in
391 3102 494 3184 viridi,
518 3104 545 3168 si
566 3104 631 3168 fors
653 3103 733 3183 tulit,
755 3122 871 3167 ancora
891 3111 990 3188 pram,

209 3214 264 3273 aut
286 3207 428 3273 subiecta
448 3212 553 3271 temnt
574 3226 688 3271 curvae
710 3207 818 3271 vineta
838 3208 971 3272 11111111.

210 3317 251 3391 ot,
274 3309 367 3375 modo
390 3330 453 3391 qna
474 3310 608 3393 graciles
629 3328 761 3392 gramen
784 3329 925 3393 carpsere
938 3310 1096 3393 capellae,
1123 3343 1126 3346 2

209 3434 295 3478 nuno
316 3414 361 3479 ibi
382 3413 539 3479 deformes
560 3419 681 3497 ponunt
703 3433 761 3477 sua
783 3434 912 3497 corpora
933 3413 1053 3497 phocae

210 3517 364 3581 mirantur
385 3518 442 3582 sub
465 3536 549 3598 aqua
570 3517 657 3581 lnoos
679 3515 835 3597 urbesque
857 3516 1026 3597 domosque
1250 3535 1284 3583 oo

209 3618 372 3701 Nereides,
395 3620 554 3702 silvasque
576 3625 686 3685 tenent
708 3618 873 3702 delphines
895 3626 927 3683 et
948 3619 1019 3684 altis

209 3723 371 3786 incursant
391 3722 488 3787 ramis
509 3722 691 3805 agitataque
713 3722 826 3786 robora
847 3723 981 3806 pulsant.
