2934 4117
637 163 679 218 23.
698 161 773 232 debr.

193 337 225 397 et
246 353 330 398 nunc
351 331 493 399 sublimis
514 334 612 400 veluti
635 334 675 400 de
696 334 814 401 vertice
838 337 951 409 montis

192 433 352 519 despicere
373 434 406 499 in
429 436 528 502 valles
548 436 708 520 imumque
730 438 910 504 Acheronta
932 439 1065 521 videtur,

192 558 285 618 nunc,
307 536 361 602 ubi
384 537 551 604 demissam
575 559 704 605 curvum
726 540 929 607 circumstetit
951 562 1077 624 aequor,

191 639 351 724 suspicere
372 640 495 706 inferno
518 661 673 707 summum
695 642 736 707 de
758 645 883 728 gurgite
906 645 1035 709 caelum.

192 763 287 829 saepe
309 742 364 808 dat
384 743 545 828 ingentem
568 744 664 810 fluctu
687 747 768 811 latus
790 746 853 811 icta
874 747 1030 830 fragorem

192 866 252 912 nec
272 847 371 912 levius
392 847 517 931 pulsata
539 855 639 928 sonat,
663 869 757 930 quarn
779 849 898 914 ferreus
920 849 994 914 olim

193 970 263 1015 curn
283 950 405 1015 laceras
427 951 509 1015 aries
530 951 697 1016 ballistave
720 952 858 1017 concutit
879 972 976 1017 arces.

192 1059 288 1136 utque
309 1053 411 1119 solent
432 1053 564 1136 sumptis
584 1054 712 1119 incursu
734 1054 854 1121 viribus
875 1056 921 1119 ire

192 1161 317 1240 pectore
338 1155 371 1220 in
393 1176 482 1219 arma
502 1155 561 1220 feri
583 1163 790 1241 protentaque
813 1158 876 1223 tela
897 1158 1013 1240 leones,

192 1258 313 1325 sicubi
335 1277 370 1324 se
391 1259 495 1324 ventis
516 1259 687 1323 admiserat
708 1259 795 1324 unda
817 1261 938 1341 coortis,

192 1361 259 1427 ibat
279 1360 312 1425 in
334 1381 422 1425 arma
443 1360 519 1426 ratis
541 1361 700 1443 multoque
723 1368 790 1426 erat
811 1362 902 1427 altior
923 1363 992 1428 illis.

192 1464 317 1546 iamque
337 1463 447 1528 labant
469 1464 560 1527 cunei
582 1464 778 1548 spoliataque
800 1465 940 1547 tegmine
962 1484 1053 1530 cerac

193 1566 272 1631 rima
292 1572 379 1651 patet
401 1567 592 1650 praebetque
614 1567 699 1631 viam
720 1566 866 1632 letalibus
888 1566 989 1633 undis.

234 1668 317 1733 Ecce
339 1669 456 1733 cadunt
477 1669 555 1752 largi
577 1669 720 1735 resolutis
742 1670 878 1735 nubibus
900 1670 1025 1750 imbres,

192 1769 287 1854 inque
309 1771 423 1836 fretum
445 1771 555 1836 credas
577 1777 676 1836 toturn
698 1770 891 1838 descendere
914 1773 1034 1836 caelum

193 1875 287 1957 inque
308 1875 419 1959 plagas
441 1873 520 1939 caeli
541 1874 746 1939 tumefactum
768 1874 961 1939 adscendere
984 1881 1121 1957 pontum.

192 1978 264 2042 rela
285 1977 414 2042 madent
435 1976 561 2057 nimbis,
583 1984 614 2041 ct
637 1996 707 2041 cum
730 1977 916 2041 caelestibus
939 1975 1031 2042 undis

193 2099 366 2162 aequoreae
388 2080 559 2144 miscentur
580 2100 690 2162 aquae.
729 2086 815 2143 caret
836 2080 962 2163 ignibus
985 2081 1093 2144 aetber

194 2203 350 2264 caecaque
371 2204 435 2248 nox
457 2183 608 2267 premitur
630 2183 768 2247 tenebris
790 2182 964 2265 hiemisque
986 2183 1120 2263 suisque.

194 2285 364 2350 discutiunt
386 2292 492 2351 tamen
514 2285 572 2349 bas
594 2287 808 2368 praebentque
830 2285 979 2350 micantia
1001 2286 1106 2348 lumen

193 2388 338 2453 fulmina:
362 2387 520 2454 fulmineis
543 2389 711 2454 ardescunt
731 2388 858 2471 ignibus
880 2386 993 2452 undae.

194 2490 249 2556 dat
271 2512 394 2574 quoque
416 2492 479 2556 iam
501 2491 599 2556 saltus
621 2491 705 2555 intra
727 2512 807 2555 cava
828 2497 917 2555 texta
939 2491 1064 2555 carinae

194 2592 319 2680 fluctus3
343 2600 374 2659 et
395 2601 431 2659 ut
451 2594 542 2660 miles
563 2614 693 2658 numero
716 2594 926 2677 praestantior
948 2593 1032 2657 omni

195 2716 265 2761 curn
287 2717 382 2781 saepe
404 2696 531 2761 adsiluit
554 2696 704 2762 defensae
727 2696 891 2761 moenibus
913 2696 1009 2775 urbis,

194 2820 251 2885 spe
272 2800 388 2885 potitur
410 2799 537 2864 tandem
559 2798 722 2882 laudisque
744 2818 895 2864 accensus
918 2816 1022 2861 amore

194 2902 275 2967 inter
297 2903 381 2967 mille
404 2901 487 2968 viros
510 2922 632 2968 murum
654 2907 761 2966 tamen
783 2906 916 2985 occupat
938 2918 1028 2979 unus,

195 3004 240 3070 sic
261 3007 315 3070 ubi
337 3006 500 3089 pulsarunt
521 3005 652 3070 noviens
674 3005 773 3069 latera
794 3003 893 3069 ardua
914 3001 1036 3082 fluctus,

195 3109 314 3174 vastius
335 3109 502 3192 insurgens
526 3107 666 3173 decimae
688 3108 750 3172 ruit
772 3107 907 3190 impetus
929 3102 1047 3183 undae3

195 3230 255 3276 nec
276 3212 362 3296 prius
383 3211 506 3278 absistit
528 3211 644 3276 fessam
667 3228 851 3294 oppugnare
874 3208 1021 3286 carinam,

196 3332 290 3394 quarn
312 3314 397 3379 velut
419 3313 451 3378 in
475 3321 586 3398 captae
609 3312 781 3378 descendat
803 3310 928 3384 moenia
950 3307 1051 3374 naris.

195 3436 269 3499 pars
290 3417 385 3500 igitur
406 3418 581 3501 temptabat
602 3415 706 3480 adbuc
727 3413 878 3479 invadere
900 3413 1018 3497 pinum,

195 3537 269 3601 pars
290 3519 385 3584 maris
406 3520 491 3583 intus
513 3525 588 3583 crat.
634 3517 793 3601 trepidant
813 3513 899 3579 baud
922 3513 1019 3578 setius
1041 3530 1159 3592 omnes,

197 3637 291 3700 quam
313 3619 393 3684 solet
413 3621 489 3685 urbs
511 3619 581 3685 aliis
602 3640 726 3683 murum
749 3617 940 3684 fodientibus
963 3621 1053 3680 extra

197 3727 292 3804 atque
313 3720 382 3785 aliis
405 3741 525 3785 murum
548 3721 705 3806 trepidare
726 3719 907 3785 tenentibus
927 3718 1021 3781 intus.
