2934 4117
520 204 559 254 16.
585 199 663 255 theut
682 199 725 254 tet
743 199 904 268 hrclerpinn.

240 380 371 439 venerat
391 373 435 437 ad
457 392 562 439 sacras
585 379 617 437 et
639 372 699 437 dea
720 371 805 437 flava
827 372 948 457 dapes:
1067 386 1070 393 ’

197 477 270 558 filia,
294 477 450 542 consuetis
472 481 508 542 ut
530 483 597 541 erat
619 476 768 542 comitata
789 476 912 561 puellis,

241 581 365 646 errabat
386 579 471 644 nudo
493 600 550 664 per
573 599 629 644 sua
645 585 744 663 prata
765 578 855 664 pede.

198 684 280 749 valle
302 683 359 748 sub
382 684 530 748 umbrosa
552 683 638 747 locus
661 689 710 747 cst
731 681 921 767 adspergine
943 683 1042 748 multa

241 785 354 852 uvidus
378 786 503 851 exalto
526 784 700 852 desilientis
721 806 833 869 aquae.

198 896 244 955 tot
265 889 389 953 filerunt
411 888 483 969 illie,
507 893 583 971 quot
606 887 701 954 hahet
723 895 845 969 natura,
870 889 998 969 colores,

240 992 387 1077 pictaque
409 989 554 1056 dissimili
575 990 651 1056 flore
674 991 796 1056 nitebat
817 990 938 1056 humus.

199 1115 293 1178 quam
315 1093 408 1159 simul
430 1092 586 1178 adspexit,
610 1087 949 1173 ‘comitesaeccditel'
972 1092 1053 1159 dixit

242 1191 284 1264 ‘et
306 1217 429 1262 mecum
451 1197 563 1280 plenos
584 1195 661 1261 flore
681 1196 797 1262 referte
820 1191 932 1262 sinusl’

199 1300 317 1387 pracda
338 1300 495 1385 puellares
516 1300 639 1365 animos
660 1301 814 1384 prolectat
835 1299 949 1382 inanis,

242 1410 274 1470 et
295 1425 358 1470 non
381 1403 514 1468 sentitur
536 1402 703 1468 sedulitate
725 1402 823 1468 labor.

199 1508 279 1574 haec
300 1506 410 1590 implet
432 1506 517 1570 lento
540 1504 680 1571 calathos
703 1524 721 1569 e
743 1504 862 1569 vimine
883 1525 993 1587 nexos,

242 1610 322 1675 haec
342 1608 506 1693 gremium,
529 1609 619 1674 laxos
642 1607 796 1692 degravat
818 1608 872 1671 illa
894 1609 988 1673 sinus.

199 1714 254 1779 illa
275 1712 352 1797 legit
374 1710 504 1792 calthas,
526 1710 600 1776 huic
623 1716 696 1775 sunt
717 1710 849 1775 violaria
871 1731 973 1792 curae,

242 1817 297 1881 illa
317 1833 514 1900 papavereas
536 1816 683 1880 subsecat
704 1834 812 1899 ungue
834 1833 953 1880 comas:

200 1921 267 2001 has,
289 1916 472 2004 hyacinthe,
495 1923 594 1999 tenes,
617 1918 697 1999 illae,
719 1925 892 1998 amarante,
915 1918 1054 1999 moraris,

241 2042 315 2109 pars
337 2020 459 2104 thyma,
482 2041 555 2105 pars
578 2020 706 2100 casiam,
729 2041 804 2105 pars
827 2021 985 2087 meliloton
1008 2028 1102 2087 amat.

200 2126 335 2210 plurima
356 2125 439 2189 lecta
460 2144 532 2203 rosa
554 2129 611 2205 est,
634 2124 707 2190 lecti
731 2124 799 2188 sine
821 2124 948 2189 nomine
969 2122 1075 2190 flores:

243 2229 313 2313 ipsa
335 2247 441 2292 crocos
463 2234 575 2293 tenues
596 2227 725 2309 liliaque
748 2227 821 2292 alba
843 2227 929 2310 legit.

201 2330 350 2415 carpendi
372 2328 475 2395 studio
497 2330 648 2414 paulatim
670 2330 796 2413 longius
817 2330 888 2411 itur,

244 2439 276 2498 et
298 2433 457 2498 dominam
481 2453 556 2498 casu
578 2433 664 2497 nulla
686 2440 794 2498 secuta
817 2453 929 2499 eomes.
969 2506 970 2509 Ἴ

201 2537 284 2602 hanc
306 2536 394 2602 videt
415 2541 446 2601 et
468 2537 569 2601 visam
591 2543 720 2620 patruus
743 2535 892 2602 velociter
913 2536 1016 2602 aufert

244 2660 405 2726 regnaque
428 2640 579 2705 caeruleis
600 2640 634 2705 in
656 2660 714 2707 sua
735 2647 839 2724 portat
862 2640 959 2723 equis.

203 2745 256 2808 illa
278 2741 405 2826 quidem
428 2743 586 2808 clamabat
608 2735 658 2825 io,
682 2743 845 2808 carissima
866 2750 977 2824 mater,

246 2840 395 2911 auferorl'
417 2845 487 2930 ipsa
509 2866 581 2910 suos
603 2846 844 2929 abscideratque
867 2845 963 2911 sinus.

204 2949 352 3035 panditur
373 2948 495 3014 interea
516 2950 582 3013 Diti
605 2949 671 3014 via:
694 2969 832 3031 namque
854 2948 998 3013 diurnum

246 3053 352 3118 lumen
373 3051 531 3117 inadsueti
554 3053 610 3118 vix
632 3052 794 3136 patiuntur
816 3051 897 3135 equi.

204 3165 237 3222 at
259 3156 371 3221 chorus
393 3156 543 3238 aequalis,
568 3157 744 3221 cumulatae
766 3156 842 3221 flore
864 3155 1035 3236 ministrae,

247 3253 480 3342 ‘Persephone'
503 3260 641 3323 clamant
663 3251 716 3322 ‘ad
738 3266 793 3324 tua
815 3258 899 3325 dona
920 3259 1017 3324 venit*

205 3370 239 3429 ut
262 3363 397 3427 clamata
419 3361 499 3442 silet,
522 3368 645 3427 montes
667 3361 837 3427 ululatibus
858 3361 992 3446 implent

249 3472 282 3531 et
302 3464 419 3529 feriunt
440 3470 579 3529 maestae
601 3470 730 3549 pectora
751 3463 838 3529 nuda
859 3484 982 3532 manus.

205 3567 340 3634 attonita
362 3574 411 3632 est
432 3567 583 3651 plangore
599 3568 704 3648 Ceres,
717 3605 759 3614 -
771 3568 863 3634 modo
886 3571 1019 3634 venerat
1034 3566 1179 3629 Hennam
1196 3601 1237 3610 -

249 3689 309 3736 nee
331 3689 427 3750 mora,
451 3661 512 3734 ‘mc
534 3671 695 3736 miseraml
718 3667 805 3754 filia,’
828 3670 911 3736 dixit
933 3661 999 3733 ‘ubi
1022 3662 1089 3732 es?‘
1116 3688 1119 3693 ·

208 3773 323 3839 mentis
345 3772 437 3858 inops
459 3772 588 3858 rapitur,
612 3774 720 3857 quales
743 3773 854 3841 audire
876 3773 1013 3842 solemus
1254 3788 1286 3834 eo

260 3883 328 3930 erite
342 3882 472 3938 eumaeum
486 3883 580 3938 euacua.
600 3884 638 3938 (e.
649 3884 732 3939 portae
746 3885 768 3930 u
783 3885 875 3940 aaran.)
1057 3878 1087 3926 10
