2934 4117
273 123 314 187 20
671 139 903 209 illatumotpboleu.

272 312 390 395 vixque
412 312 476 379 suis
498 313 613 379 umeris
636 311 824 377 candentem
847 311 980 376 sustinet
1002 331 1107 375 axem.

272 415 299 480 si
321 416 411 498 freta,
434 416 461 481 si
483 422 585 481 terrae
606 421 748 500 pereunt,
772 416 798 479 si
820 414 909 498 regia
932 414 1020 494 oaeli,

272 519 305 584 in
328 519 422 585 ebaos
444 521 608 602 antiquum
631 517 859 585 confundimur.
905 517 991 601 eripe
1005 515 1157 597 flammis,

273 622 377 704 siquid
398 621 502 687 adhue
523 630 674 707 superest,
697 628 730 688 et
751 641 853 687 rerum
876 620 1004 686 consule
1027 614 1188 685 summae?

273 725 398 791 dixerat
419 726 499 792 haee
521 727 640 793 Tellus:
663 725 874 810 nequeenim
897 724 1029 789 tolerare
1052 742 1199 807 vaporem

273 829 402 895 ulterius
423 829 525 914 potuit
545 849 605 895 nee
628 828 732 894 dieere
754 829 853 913 plura,
877 846 1029 909 suumque

274 933 393 998 rettulit
415 953 450 999 os
471 933 505 998 in
527 953 562 999 se
584 933 792 1018 propioraque
814 931 960 997 manibus
981 936 1081 994 antra.

317 1036 360 1101 At
381 1042 470 1121 pater
492 1037 690 1121 omnipotens
712 1054 843 1120 superos
865 1039 998 1100 testatus
1020 1039 1051 1097 et
1073 1033 1185 1116 ipsum,

276 1138 330 1220 qui
351 1136 481 1204 dederat
504 1159 620 1220 ourrus,
643 1139 705 1204 nisi
727 1158 819 1223 opem
841 1136 931 1217 ferat,
955 1135 1061 1201 omnia
1083 1134 1148 1198 fato

275 1241 438 1307 interitura
458 1242 558 1327 gravi,
581 1262 735 1308 summam
757 1241 836 1325 petit
857 1238 974 1304 arduus
996 1257 1110 1318 aroem,

275 1343 360 1410 unde
382 1345 460 1411 solet
481 1346 582 1411 nubes
604 1345 677 1410 latis
698 1344 847 1408 inducere
869 1342 969 1422 terris,

275 1446 360 1513 unde
381 1454 487 1513 movet
508 1448 640 1514 tonitrus
662 1448 848 1530 vibrataque
869 1445 1002 1510 fulmina
1023 1445 1129 1509 iactat.

276 1549 468 1633 sed-neque,
492 1571 571 1634 quas
592 1558 697 1636 posset
720 1551 811 1616 terris
832 1549 990 1629 inducere,
1013 1549 1115 1613 nubes

276 1661 352 1719 tuno
373 1654 484 1719 habuit
505 1675 574 1737 nee,
598 1675 675 1737 quos
698 1656 784 1720 eaelo
807 1652 994 1732 demitteret,
1018 1652 1142 1716 imbres.

276 1757 399 1823 intonat
421 1765 453 1824 et
475 1757 587 1823 dextra
609 1758 756 1823 libratum
778 1757 897 1821 fulmen
919 1757 960 1820 ab
982 1775 1058 1820 aure

276 1860 362 1926 misit
382 1859 416 1925 in
439 1862 583 1945 aurigam
605 1862 785 1946 pariterque
806 1859 974 1941 animaque
995 1859 1133 1939 rotisque

277 1963 398 2049 expulit
421 1970 452 2030 et
474 1984 586 2030 saevos
608 1964 799 2049 compescuit
820 1963 948 2047 ignibus
969 1962 1069 2045 ignes⁴

278 2074 516 2132 consternantur
538 2067 611 2151 equi
633 2074 665 2132 et
686 2068 769 2133 saltu
790 2068 824 2131 in
847 2065 1001 2131 eontraria
1022 2064 1106 2129 faeto

278 2170 358 2234 eolla
379 2170 453 2253 iugo
476 2170 611 2255 eripiunt
632 2172 828 2254 abruptaque
850 2170 916 2233 lora
937 2168 1126 2250 relinquunt.

278 2272 340 2337 illio
361 2272 452 2338 frena
472 2274 586 2354 iacent,
609 2274 672 2339 illio
693 2279 819 2338 temone
841 2272 984 2337 rombus

278 2377 358 2459 axis,
380 2377 414 2442 in
435 2376 497 2443 hae
517 2376 599 2443 radii
621 2378 790 2443 fractarum
812 2383 902 2461 parte
923 2382 1071 2456 rotarum,

279 2499 449 2564 sparsaque
471 2486 544 2545 sunt
565 2481 629 2546 late
650 2480 747 2546 laoeri
770 2479 904 2562 vestigia
927 2499 1042 2543 ourrus.

278 2589 312 2647 at
332 2582 496 2648 Phaethon
517 2584 627 2649 rutilos
648 2583 776 2648 flamma
796 2584 967 2667 populante
990 2582 1118 2665 oapillos

278 2686 413 2752 volvitur
434 2686 468 2751 in
489 2707 641 2772 praeoeps
663 2688 820 2770 longoque
842 2706 898 2771 per
919 2693 994 2750 a'e'ra
1016 2690 1117 2749 traotu

279 2788 385 2871 fertur,
407 2795 442 2854 ut
462 2788 619 2854 interdum
643 2789 683 2855 de
705 2790 792 2855 eaelo
814 2789 905 2854 stella
927 2808 1047 2870 sereno,

279 2892 338 2957 etsi
360 2912 424 2957 non
447 2892 570 2974 oeeidit,
593 2893 694 2977 potuit
717 2891 869 2958 oeeidisse
890 2889 999 2956 videri.

279 3014 371 3077 quern
392 2994 500 3078 procul
520 3016 541 3059 a
562 2996 665 3080 patria
687 2995 811 3060 diverso
833 2995 990 3059 maximus
1013 2995 1087 3059 orbe

279 3097 398 3182 exeipit
418 3096 575 3163 Eridanus
597 3096 813 3180 fumantiaque
835 3096 935 3162 abluit
958 3117 1025 3180 ora;

278 3198 397 3265 Naides
418 3201 591 3285 Hesperiae
613 3200 717 3265 trifida
738 3200 893 3264 fumantia
913 3199 1041 3264 flamma

279 3322 409 3387 oorpora
431 3303 509 3367 dant
531 3304 663 3388 tumulo,
687 3303 816 3386 signant
839 3322 961 3385 quoque
984 3303 1122 3367 carmine
1144 3322 1272 3367 saxum:

279 3397 341 3469 ‘bie
363 3406 440 3471 situs
463 3412 510 3472 est
531 3405 705 3488 Phaethon,
729 3426 836 3471 currus
857 3406 968 3489 auriga
989 3405 1125 3490 paterni:

279 3528 372 3590 quem
395 3509 422 3574 si
444 3529 508 3573 non
530 3508 640 3591 tenuit,
664 3509 788 3592 magnis
810 3516 916 3573 tamen
941 3508 1058 3572 excidit
1079 3501 1187 3571 ausis?

279 3631 353 3674 nam
376 3617 466 3694 pater
487 3609 648 3693 obductos,
671 3611 757 3675 luotu
779 3611 966 3677 miserabilis
987 3631 1093 3694 aegro,

280 3712 463 3778 condiderat
485 3713 588 3802 vultus
595 3738 602 3800 3
627 3720 668 3797 et,
691 3714 716 3779 si
740 3713 833 3777 modo
856 3710 1021 3795 oredimus,
1045 3734 1142 3778 unum
