2934 4117
583 219 623 273 19.
641 216 809 286 douiatius.

184 390 282 456 edidit
303 392 382 457 haec
403 397 494 475 rapta
515 390 685 457 sceleratus
706 390 806 457 verba
827 390 942 456 securi:

182 487 256 558 ‘non
279 493 394 558 dilecta
414 493 494 558 deae
516 493 625 574 solum,
649 492 705 558 sed
728 498 760 557 et
781 492 851 577 ipsa
872 491 980 558 licebit

183 596 223 662 sit
244 595 314 678 dea,
336 597 400 661 iam
422 601 531 680 tanget
553 595 718 661 frondente
742 595 902 660 cacumine
924 589 1060 659 terram?

225 698 325 779 Dixit,
348 704 380 764 et
400 699 541 781 obliquos
563 697 638 762 dum
659 698 757 762 telum
778 697 872 761 librat
893 697 926 761 in
948 697 1038 778 ictus,

184 801 368 868 contremuit
389 801 603 885 gemitumque
625 799 712 865 dedit
733 801 834 865 Deoia
855 819 997 882 quercus,

183 911 216 970 et
236 905 353 989 pariter
374 903 510 985 frondes,
533 903 651 988 pariter
671 903 843 987 pallescere
864 901 998 986 glandes

184 1025 315 1092 coepere
337 1026 375 1071 ac
396 1006 483 1089 longi
504 1006 654 1090 pallorem
677 1005 791 1071 ducere
813 1005 901 1070 rami.

183 1109 270 1175 euius
292 1111 380 1175 utin
403 1114 512 1175 trunco
534 1109 609 1174 fecit
629 1128 742 1174 manus
764 1109 861 1192 impia
882 1108 1005 1191 vulnus,

182 1211 268 1277 haud
290 1212 380 1277 aliter
401 1210 494 1277 fluxit
515 1210 656 1277 discusso
678 1212 792 1276 cortice
815 1211 953 1295 sangnis,

184 1334 277 1397 quam
300 1314 387 1395 solet,
410 1320 484 1378 ante
506 1333 577 1379 aras
598 1313 712 1397 ingens
733 1314 789 1393 ubi
810 1314 938 1379 victima
958 1319 1066 1379 taurus

185 1416 328 1498 concidit,
351 1417 486 1501 abrupta
508 1436 596 1481 cruor
618 1435 637 1482 e
657 1417 781 1482 cervice
802 1415 957 1501 profundi.

227 1519 414 1603 Obstipuere
437 1538 555 1599 omnes,
578 1518 754 1601 aliquisque
776 1537 818 1582 ex
839 1518 984 1583 omnibus
1005 1517 1102 1583 audet

184 1623 347 1688 deterrere
362 1623 452 1686 nefas
474 1641 665 1705 saevamque
687 1621 830 1686 inhibere
852 1621 1034 1705 bipennem,

184 1725 320 1810 adspicit
340 1724 425 1789 hunc
446 1717 581 1790 ‘mentis’
604 1743 665 1806 que
687 1717 771 1808 ‘piae
793 1744 871 1808 cape
893 1717 1058 1809 praemial'
1081 1722 1161 1787 dixit

184 1827 370 1913 Thessalus;
393 1827 489 1909 inque
511 1826 612 1891 virum
637 1826 791 1892 convertit
812 1827 853 1891 ab
876 1827 988 1891 arbore
1009 1825 1127 1890 ferrum

184 1931 411 2012 detruncatque
433 1935 535 2013 caput.
581 1929 777 2012 repetitaque
798 1930 910 1994 robora
932 1927 1043 2010 caedit,

184 2033 325 2099 redditus
347 2039 379 2097 et
400 2032 504 2097 medio
525 2052 620 2098 sonus
643 2038 691 2097 est
712 2031 753 2096 dc
774 2031 885 2097 robore
907 2032 992 2097 talis:

185 2131 347 2220 ‘Nympha
368 2135 428 2200 snb
449 2134 509 2200 hoc
530 2155 589 2220 ego
611 2154 681 2200 sum
704 2134 810 2200 Cereri
831 2135 1010 2218 gratissima
1031 2134 1126 2220 ligno,

186 2258 267 2322 quae
288 2238 346 2303 tibi
368 2238 520 2304 factorum
541 2258 660 2322 poenas
681 2238 800 2303 instare
821 2243 943 2302 tuorum

186 2342 338 2408 vaticinor
360 2341 505 2422 moriens,
528 2341 626 2406 nostri
648 2341 765 2405 solacia
785 2335 862 2405 leti?

228 2445 429 2527 Persequitur
451 2445 552 2509 scelus
573 2443 626 2508 ille
648 2463 750 2526 suum,
772 2443 991 2526 labefactaque
1013 2442 1141 2510 tandem

187 2547 300 2613 ictibus
321 2546 493 2612 innumeris
514 2545 713 2627 adductaque
735 2545 863 2611 funibus
884 2547 977 2611 arbor

188 2650 300 2716 corruit
323 2656 354 2714 et
375 2650 506 2714 multam
528 2649 696 2734 prostravit
717 2648 856 2732 pondere
878 2649 998 2714 silvam.

142 2822 144 2827 ,
187 2753 338 2818 attonitae
359 2751 505 2835 Dryades
527 2751 642 2816 damno
665 2770 887 2834 nemorumque
910 2770 1037 2833 suoque,

188 2876 296 2922 omnes
317 2875 496 2939 germanae,
520 2856 665 2921 Cererem
687 2875 758 2919 cum
780 2854 921 2919 vestibus
941 2854 1018 2919 atris

188 2964 363 3024 maerentes
385 2956 503 3022 adeunt
524 2976 721 3042 poenamque
743 2955 983 3039 Erysichthonis
1004 2961 1102 3020 orant.

188 3060 299 3126 adnuit
319 3059 370 3125 his
392 3059 566 3144 capitisque
587 3059 636 3125 sni
658 3059 867 3143 pulcherrima
888 3063 973 3123 motu

190 3163 345 3229 concussit
365 3162 505 3247 gravidis
527 3168 672 3227 oneratos
694 3162 848 3226 messibus
869 3181 979 3245 agros;
1040 3163 1041 3166 ’

189 3266 376 3349 moliturque
397 3284 498 3348 genus
520 3284 641 3348 poenae
663 3264 850 3345 miserabile,
873 3263 899 3329 si
921 3282 984 3328 non

190 3367 242 3433 ille
264 3367 329 3433 suis
351 3373 434 3433 esset
456 3366 533 3431 nulli
555 3367 741 3432 miserabilis
763 3366 851 3447 actis,

189 3470 339 3555 pestifera
359 3472 497 3536 lacerare
519 3471 626 3535 Fame.
673 3488 753 3552 quae
776 3474 929 3551 quatenus
950 3469 1011 3553 ipsi

190 3572 1217 3654 nonadeundadeaeest,—nequeenimOereremqueFamemque

191 3676 258 3740 fata
279 3676 362 3741 coire
384 3675 554 3741 sinunt-
576 3675 717 3740 montani
739 3674 876 3739 numinis
898 3694 993 3738 unam

191 3778 306 3844 talibus
328 3783 484 3864 agrestem
508 3777 673 3861 compellat
695 3776 820 3842 Oreada
842 3776 945 3841 dietis:
1230 3793 1264 3843 45
