2934 4117
10 3826 15 4049 l

565 203 588 255 7.
608 199 750 269 {scariote
768 201 847 256 ditet.

520 438 550 509 t.
573 439 757 525 decoctave
779 442 888 512 aaa

191 579 259 643 Iam
281 597 352 642 mea
374 597 510 661 cycneas
533 576 695 643 imitantur
716 584 858 662 tempora
874 580 1012 663 plumas,
1085 604 1088 609 ’

233 679 333 745 inficit
356 686 387 745 et
408 681 516 765 nigras
538 680 611 745 alba
633 687 762 746 senecta
783 701 897 746 eomas.

190 783 253 847 iam
277 784 412 849 subeunt
434 784 509 847 anni
532 783 660 868 fragiles
682 793 714 849 et
736 784 864 850 inertior
884 792 982 868 aetas,

232 887 357 969 iamque
379 906 490 971 parum
511 886 600 952 firmo
622 907 673 952 me
694 887 772 951 mihi
794 887 876 953 ieme
897 908 995 973 grave
1018 896 1073 955 est.

190 1009 274 1054 nunc
297 995 374 1069 erat,
397 995 433 1053 ut
454 989 556 1072 posito
578 989 726 1056 deberem
749 990 813 1055 fine
835 991 975 1057 laborum

226 1092 333 1157 vivere
354 1091 419 1155 iam
441 1092 525 1156 nullo
549 1092 735 1157 sollicitante
757 1099 852 1174 metu,

190 1213 332 1276 quaeque
353 1214 444 1259 meae
466 1214 590 1278 semper
610 1195 798 1278 placuerunt
819 1196 884 1261 otia
905 1196 1003 1261 menti

233 1317 359 1381 carpere
382 1298 467 1362 etin
490 1297 602 1363 studiis
622 1299 756 1364 molliter
779 1318 848 1364 esse
870 1301 958 1381 meis,

190 1405 221 1465 et
242 1420 373 1484 parvam
396 1400 553 1466 celebrare
576 1401 702 1466 demum
723 1408 909 1483 veteresque
930 1403 1066 1468 Penates

233 1509 264 1567 et
286 1523 367 1585 quae
390 1524 473 1568 nunc
496 1502 622 1570 domino
644 1525 717 1569 rura
738 1511 872 1589 patema
893 1512 1010 1587 carent,

173 1606 284 1688 ¹inque
307 1606 378 1672 sinu
400 1606 547 1672 dominae
570 1607 712 1689 carisque
734 1607 894 1672 sodalibus
916 1608 1012 1690 inque
1054 1616 1056 1619 ’

232 1729 359 1774 securus
380 1710 482 1793 patria
504 1710 705 1787 consenuisse
728 1730 809 1774 mea.

189 1811 268 1875 hacc
288 1832 360 1875 mea
382 1812 427 1877 sic
450 1810 608 1894 quondam
629 1813 740 1896 peragi
763 1819 944 1896 speraverat
966 1819 1068 1878 aetas:

231 1913 288 1978 hos
311 1933 370 1998 ego
392 1915 437 1979 sic
458 1934 559 1980 anuos
580 1934 697 1999 ponere
719 1915 951 1998 dignus-eram.

190 2037 252 2081 non
275 2017 320 2081 ita
341 2016 390 2082 dis
412 2017 513 2082 visum
536 2024 593 2099 est,
618 2018 671 2099 qui
694 2037 745 2083 me
766 2024 911 2100 terraque
934 2018 1074 2100 marique

232 2125 335 2184 actum
358 2119 539 2186 Sarmaticis
562 2140 736 2204 exposuere
757 2121 842 2186 locis.

189 2223 222 2287 iu
245 2241 325 2287 cava
346 2222 502 2287 ducuntur
524 2242 658 2306 quassae
680 2224 807 2288 navalia
829 2243 960 2308 puppes,

232 2346 273 2391 ne
295 2334 413 2391 temere
435 2326 467 2391 in
490 2326 603 2394 mediis
625 2326 836 2392 destituantur
857 2328 956 2410 aquis.

190 2450 229 2494 ue
252 2428 346 2494 cadat
368 2436 400 2494 et
422 2430 536 2494 multas
558 2431 681 2514 palmas
703 2429 883 2495 inhonestet
905 2429 1046 2514 adeptae,

231 2532 399 2616 languidus
421 2533 453 2596 in
475 2533 574 2618 pratis
596 2534 741 2616 gramina
762 2533 863 2617 carpit
885 2552 992 2615 equus.

189 2637 278 2701 miles
299 2635 354 2701 ubi
376 2636 514 2700 emeritis
536 2656 601 2701 nou
623 2642 671 2701 est
693 2636 770 2701 satis
792 2636 876 2701 utilis
898 2636 1000 2717 annis,
1050 2638 1054 2647 “

231 2739 319 2823 pouit
341 2738 382 2803 ad
404 2739 560 2821 antiquos,
583 2759 663 2821 quae
686 2739 766 2820 tulit,
789 2759 878 2803 arma
898 2738 1010 2802 Lares:

189 2841 350 2925 sicigitur
371 2841 462 2906 tarda
484 2843 566 2907 vires
588 2842 750 2906 minuente
772 2847 900 2907 senecta

231 2965 282 3009 me
305 2964 427 3027 quoque
449 2944 560 3010 donari
581 2944 645 3008 iam
667 2944 745 3009 rude
768 2952 891 3027 tempus
914 2949 989 3007 erat.

116 3108 118 3111 ,
189 3054 313 3131 tempus
336 3053 403 3111 erat
424 3067 484 3112 nec
505 3068 556 3113 me
577 3047 779 3130 peregrinum
802 3046 918 3110 ducere
940 3044 1071 3126 caelum,

232 3170 292 3214 nec
315 3150 429 3214 siccam
453 3151 562 3215 Getico
585 3150 672 3216 fonte
693 3151 799 3215 levare
822 3149 921 3214 sitim:

190 3252 246 3320 sed
267 3252 370 3334 modo,
394 3273 471 3335 quos
493 3254 599 3334 habui,
623 3273 757 3318 vacuum
780 3251 928 3318 secedere
950 3252 983 3315 in
1005 3250 1120 3331 hortos,

232 3375 317 3420 nuuc
339 3354 499 3420 hominum
521 3356 592 3422 visu
614 3376 720 3421 rursus
744 3361 774 3420 et
797 3354 875 3419 urbe
897 3353 985 3441 frui„

190 3458 235 3524 sic
256 3457 363 3523 auimo
385 3456 543 3540 quondam
565 3478 629 3523 nen
651 3458 814 3523 divinante
837 3456 941 3521 futura
1015 3483 1018 3488 ·

232 3561 380 3644 optabam
402 3560 526 3645 placide
547 3561 655 3627 vivere
677 3581 770 3645 posse
792 3579 900 3625 senex.

189 3664 256 3730 fata
277 3669 500 3748 repugnarunt,
524 3682 604 3746 quae
627 3684 697 3729 cum
721 3663 798 3728 mihi
820 3670 961 3745 tempera
982 3662 1081 3746 prima

233 3766 339 3833 mollia
360 3765 572 3850 praebuerint,
594 3766 767 3851 posteriora
789 3770 931 3851 gravam.
