2934 4117
263 97 303 190 ld
659 140 890 210 llietumorpboleu.

260 318 381 382 interea
402 315 545 394 ¹volucres
566 314 679 398 Pyrois
701 322 733 379 et
755 315 838 380 Eous
861 322 892 378 et
914 314 1049 398 Aethon,

261 421 342 486 Solis
364 419 446 501 equi,
470 424 662 500 quartusque
683 418 825 501 Phlegon
847 418 1022 484 hinnitibus
1044 439 1137 484 auras

260 522 455 587 flammiferis
476 521 608 603 implent
629 520 826 604 pedibusque
848 522 999 605 repagula
1020 522 1154 605 pulsant.

261 645 342 709 quae
364 631 529 708 postquam
552 623 674 706 Tethys
695 623 830 688 fatorum
852 624 965 705 ignara
986 623 1109 707 nepotis

262 728 398 812 reppulit
420 734 451 791 et
473 726 559 791 facta
581 732 628 791 est
649 726 796 790 immensi
819 726 910 809 copia
931 726 1020 806 caeli,

225 880 229 886 -
262 832 438 915 corripuere
460 832 545 895 viam
566 828 765 913 pedibusque
786 850 843 914 per
865 836 940 894 aera
962 829 1054 895 motis

133 950 136 954 ’
262 936 425 1001 obstantes
447 931 595 999 scindunt
617 933 753 1004 nebulas
772 933 948 1017 pennisque
969 933 1065 999 levati

262 1043 466 1122 praetereunt
488 1042 571 1101 ortos
593 1035 694 1100 isdem
717 1035 758 1100 de
780 1035 922 1119 partibus
945 1055 1043 1100 euros.

263 1140 320 1206 sed
343 1141 414 1205 leve
435 1138 559 1224 pondus
581 1145 658 1220 erat,
681 1157 741 1203 nec
764 1138 847 1220 quod
870 1158 1058 1221 cognoscere
1080 1144 1209 1222 possent

263 1244 345 1310 Solis
367 1243 449 1326 equi,
472 1243 624 1325 solitaque
645 1243 755 1325 iugum
777 1242 933 1324 gravitate
956 1242 1091 1306 carebat.

262 1354 359 1430 utque
381 1348 491 1411 labant
512 1364 627 1411 curvae
649 1345 731 1409 iusto
754 1346 823 1410 sinc
844 1344 983 1428 pondere
1005 1364 1104 1409 naves

263 1470 381 1535 perque
403 1469 489 1514 mare
510 1448 675 1514 instabiles
696 1448 795 1513 nimia
817 1449 945 1512 levitate
967 1448 1117 1529 feruntur,

264 1555 310 1620 sic
331 1573 425 1620 onere
447 1552 579 1618 adsueto
601 1572 720 1618 vacuus
743 1551 852 1616 datin
875 1558 950 1615 aera
972 1551 1070 1615 saltus

264 1657 496 1738 succutiturque
518 1655 582 1721 alte
603 1655 777 1736 similisque
801 1661 848 1719 est
870 1674 977 1719 currus
999 1654 1096 1718 inani.

265 1760 347 1843 quod
370 1760 501 1824 simulac
523 1778 660 1839 sensere,
683 1764 778 1822 ruunt
800 1757 969 1839 tritumque
991 1757 1170 1838 rehnquunt

265 1863 442 1946 quadriiugi
465 1863 600 1947 spatium
623 1881 691 1944 nec,
714 1881 777 1944 quo
798 1861 894 1945 prius,
918 1860 1026 1925 ordine
1048 1866 1183 1924 currunt.

266 1967 333 2050 ipse
355 1973 461 2050 pavet,
485 1985 544 2030 nec
567 1985 629 2046 qua
651 1965 834 2046 commissas
855 1963 962 2028 flectat
982 1964 1133 2042 habenas,

265 2089 325 2134 nec
346 2069 415 2150 scit,
440 2068 565 2151 quasit
588 2068 657 2149 iter,
680 2085 750 2149 nec,
774 2068 801 2133 si
823 2067 912 2148 sciat,
935 2067 1067 2150 imperet
1088 2065 1158 2129 illis.

265 2180 331 2237 tum
353 2172 488 2256 primum
510 2171 608 2236 radiis
629 2170 727 2255 gelidi
750 2171 874 2235 caluere
895 2170 1026 2234 lhiones

267 2283 299 2341 et
320 2276 417 2341 vetito
438 2275 555 2340 frustra
576 2280 770 2359 temptarunt
791 2292 927 2356 aequore
948 2271 1064 2355 tingui3

267 2398 410 2462 quaeque
431 2379 503 2462 polo
525 2379 628 2462 posita
650 2385 699 2442 est
720 2377 847 2460 glaciali
868 2377 1013 2459 proxima
1034 2375 1181 2458 Serpens,

267 2485 383 2568 frigore
403 2482 495 2567 pigra
516 2483 603 2567 prius
624 2501 684 2546 nec
706 2480 913 2546 formidabihs
936 2480 999 2559 ulli,

215 2649 218 2658 r
266 2586 398 2652 incaluit
419 2586 613 2670 sumpsitque
635 2604 734 2649 novas
757 2584 933 2648 fervoribus
954 2583 1026 2647 iras.

267 2698 299 2756 te
322 2710 444 2773 quoque
467 2688 625 2753 turbatum
647 2692 822 2751 memorant
843 2686 971 2770 fugisse,
995 2687 1102 2764 Boote,

269 2794 412 2877 quamvis
433 2791 542 2857 tardus
565 2811 635 2856 eras
657 2798 689 2855 et
710 2798 743 2855 te
764 2796 820 2854 tua
840 2790 981 2873 plaustra
1001 2788 1160 2853 tenebant.

267 2904 302 2962 ut
324 2916 398 2962 vero
421 2915 542 2961 summo
564 2893 711 2979 despexit
732 2894 774 2958 ab
796 2893 924 2958 aethere
946 2898 1046 2957 terras

268 2999 380 3066 infelix
402 2999 565 3066 Phaethon
587 2999 713 3082 penitus
734 2997 921 3081 penitusque
943 2997 1092 3075 iacentes,

268 3103 379 3188 palluit
401 3108 432 3167 et
455 3101 558 3167 subito
580 3120 685 3184 genua
707 3101 895 3164 intremuere
917 3100 1037 3178 timore,

270 3212 403 3288 suntque
426 3205 524 3270 oculis
547 3205 697 3268 tenebrae
718 3223 776 3288 per
797 3210 918 3267 tantum
942 3203 1046 3266 lumen
1069 3199 1206 3263 obortae.

270 3316 301 3375 et
322 3311 386 3374 iarn
408 3309 515 3373 mallet
537 3328 634 3390 equos
655 3327 818 3389 nunquam
840 3305 981 3388 tetigisse
1002 3310 1159 3389 paternos,

269 3415 332 3478 iam
356 3431 507 3496 cognosse
528 3430 629 3495 genus
652 3410 741 3493 piget
763 3417 795 3474 et
816 3409 953 3473 valuisse
975 3404 1130 3491 rogand0;

270 3517 333 3580 iam
355 3516 492 3599 Meropis
513 3514 576 3579 dici
598 3514 728 3597 cupiens
751 3513 797 3577 ita
818 3513 924 3592 fertur,
948 3517 983 3575 ut
1004 3516 1076 3575 acta

270 3618 434 3703 praecipiti
455 3619 550 3701 pinus
571 3617 676 3697 borea,
700 3617 750 3681 cui
773 3617 858 3681 victa
878 3613 999 3678 remisit

270 3723 360 3786 irena
383 3740 458 3785 suus
480 3727 590 3802 rector,
614 3741 707 3802 quam
731 3719 780 3784 dis
802 3719 946 3799 votisque
968 3715 1101 3797 reliquit.

1309 644 1359 691 155

1311 1158 1362 1206 160

1313 1674 1363 1721 165
