2934 4117
262 191 302 257 36
662 208 892 279 wctomorplpotco.

262 382 368 449 debita
390 383 535 450 Troianis
557 378 685 449 exercet
707 382 828 467 spicula
849 381 932 448 fatis.

262 486 314 551 ille
335 492 440 550 emon
463 485 552 568 vivit,
576 485 734 568 quianon
758 484 919 550 comitavit
940 484 1071 552 Ulixen:

262 589 367 653 mallet
390 596 421 654 ct
443 588 553 654 infelix
575 587 763 654 Palamedes
785 607 855 654 esse
876 587 1013 670 relictus,

262 712 355 775 quem
377 692 459 758 male
482 691 618 757 convicti
639 691 771 756 nimium
794 710 914 756 memor
935 691 994 756 iste
1016 691 1129 758 furoris

263 794 392 879 prodere
414 816 480 861 rem
502 797 647 860 Danaam
670 794 763 859 finxit
785 794 954 877 fictumque
976 794 1121 879 probavit

192 924 194 927 ·
263 897 379 963 crimen
402 904 435 963 et
456 897 602 979 ostendit,
627 896 710 980 quod
732 898 795 962 iam
817 896 1026 981 praefoderat,
1050 916 1169 961 aurum.

263 1021 337 1085 ergo
359 1007 414 1066 aut
437 1001 549 1066 exsilio
570 1001 654 1066 vires
677 998 828 1065 subduxit
851 999 980 1065 Achivis

262 1111 315 1168 aut
337 1124 429 1170 nece:
453 1105 498 1170 sic
519 1109 650 1189 pugnat,
673 1104 719 1169 sic
741 1110 790 1169 est
811 1102 997 1168 metuendus
1020 1104 1138 1169 Ulixes.

263 1207 315 1289 qui
338 1194 411 1273 lieet
433 1209 555 1291 eloquio
577 1207 675 1272 fidum
699 1226 823 1290 quoque
845 1207 979 1272 Nestora
1001 1206 1116 1288 vineat,

262 1310 347 1375 haud
369 1319 474 1376 tamen
499 1311 624 1393 efficiet,
649 1309 808 1376 desertum
830 1317 864 1374 ut
885 1310 1021 1374 Nestora
1044 1307 1159 1374 crimen

263 1433 331 1479 esse
352 1434 422 1479 rear
444 1416 571 1479 nullum.
596 1414 649 1496 qui
672 1433 743 1479 eum
766 1413 945 1497 imploraret
967 1412 1084 1478 Ulixen

262 1518 391 1583 vulnere
413 1517 519 1584 tardus
543 1518 614 1601 equi
636 1516 803 1599 fessusque
825 1516 976 1581 senilibus
998 1515 1100 1596 annis,
1213 1546 1220 1555 ·

262 1619 402 1703 proditus
423 1642 444 1685 a
467 1620 549 1687 socio
573 1626 628 1686 est.
667 1638 729 1685 nou
752 1618 832 1684 haee
854 1617 930 1683 mihi
954 1618 1084 1683 crimina
1105 1617 1182 1700 fingi

262 1723 320 1787 seit
342 1725 424 1789 bene
445 1722 596 1807 Tydides,
620 1723 673 1806 qui
695 1721 822 1787 nomine
844 1740 940 1805 saepe
962 1728 1107 1787 vocatum

263 1826 410 1910 corripuit
431 1826 616 1910 trepidoque
638 1825 747 1907 fugam
771 1824 973 1909 exprobravit
995 1823 1104 1888 amieo.
1322 1840 1357 1889 aa

262 1927 439 2014 adspiciunt
461 1928 559 1994 oeulis
581 1928 686 2013 superi
708 1927 853 1993 mortalia
876 1927 980 1992 iustis:

263 2052 301 2097 cn
325 2038 397 2117 eget
418 2032 547 2114 auxilio,
570 2031 709 2114 quinon
731 2031 810 2111 tulit,
833 2037 928 2113 utque
950 2029 1082 2112 reliquit,

262 2136 307 2200 sic
329 2134 518 2217 linquendus
541 2142 623 2221 erat3
645 2136 750 2220 legem
773 2135 833 2201 sibi
856 2133 980 2199 dixerat
1001 2133 1078 2217 ipse.

263 2238 438 2302 conclamat
459 2238 568 2304 socios.
606 2238 716 2303 adsum
739 2237 893 2320 videoque
915 2242 1100 2302 trementem

263 2341 493 2425 pallentemque
515 2347 600 2406 metu
623 2348 655 2405 et
677 2339 886 2425 trepidantem
907 2345 1007 2405 morte
1029 2340 1141 2404 sutura.
1324 2355 1360 2402 eo

262 2444 392 2529 opposui
415 2445 528 2510 molem
551 2443 642 2527 clipei
665 2443 794 2525 texique
815 2442 969 2508 iacentem
1452 2440 1453 2443 ’

262 2548 448 2630 servavique
459 2547 597 2612 animam
610 2584 652 2592 —
663 2545 826 2609 minimum
842 2551 890 2611 est
904 2545 964 2610 hoo
978 2543 1134 2611 laudis-
1146 2545 1288 2609 inertem.

262 2651 287 2715 si
310 2657 433 2734 perstas
455 2656 584 2729 certare,
607 2650 709 2713 locum
730 2647 896 2713 redeamus
917 2648 950 2712 in
973 2647 1075 2712 illum:

1452 2764 1453 2791 l

263 2752 359 2818 redde
381 2752 504 2818 hostem
526 2753 702 2834 vulnusque
724 2757 812 2816 tuum
835 2750 1021 2834 solitumque
1043 2750 1185 2817 timorem

262 2863 333 2940 post
355 2856 551 2940 clipeumque
572 2855 636 2920 late
658 2860 690 2919 et
711 2874 834 2919 meeum
857 2854 1011 2919 contende
1033 2855 1092 2919 sub
1113 2853 1176 2920 illo.
1324 2871 1361 2919 oo

261 2967 295 3024 at
316 2964 481 3044 postquam
504 2958 613 3042 eripui,
637 2958 686 3023 cui
708 2955 813 3023 standi
834 2957 965 3022 vulnera
985 2958 1069 3023 vires
1262 2944 1267 2953 ⁴

261 3083 325 3128 non
348 3060 508 3144 dederant,
533 3061 618 3127 nullo
640 3059 782 3125 tardatus
804 3059 933 3125 vulnere
955 3059 1045 3144 fugit.

262 3167 378 3231 Hector
399 3164 490 3230 adest
511 3183 680 3246 secumque
702 3162 778 3227 deos
800 3161 834 3226 in
856 3162 975 3245 proelia
997 3162 1091 3244 (lucit,

262 3289 387 3352 quaque
407 3267 479 3350 ruit,
502 3287 565 3332 non
589 3272 622 3331 tu
644 3272 767 3330 tantum
791 3265 925 3348 terreris,
949 3265 1053 3347 Ulixe,

262 3369 319 3437 sed
340 3370 437 3436 fortes
459 3370 568 3435 etiarn:
592 3374 714 3433 tantum
738 3368 833 3432 trahit
854 3367 908 3432 ille
930 3367 1059 3433 timoris.
1307 3385 1364 3434 100

262 3474 346 3539 hune
368 3493 427 3558 ego
450 3473 644 3556 sanguineae
666 3490 814 3536 successu
837 3468 944 3538 caedis
966 3476 1113 3537 ovantem
1452 3466 1453 3489 ³

262 3577 384 3643 eminus
405 3576 527 3661 ingenti
549 3575 730 3659 resupinum
753 3572 892 3659 pondere
913 3573 991 3655 fudi,

261 3678 346 3744 hunc
368 3700 427 3765 ego
449 3685 640 3765 poscentem,
663 3698 733 3743 cum
758 3697 818 3760 quo
841 3683 1045 3759 concurreret,
1069 3695 1149 3742 uuus

263 3783 404 3853 sustinui.
435 3788 612 3863 sortemque
634 3801 737 3846 meam
759 3781 901 3863 vovistis,
922 3780 1044 3859 Achivi,
