<?xml version="1.0" encoding="UTF-8"?>
<!DOCTYPE html PUBLIC "-//W3C//DTD XHTML 1.0 Transitional//EN"
    "http://www.w3.org/TR/xhtml1/DTD/xhtml1-transitional.dtd">
<html xmlns="http://www.w3.org/1999/xhtml" xml:lang="en" lang="en">
 <head>
  <title>
</title>
<meta http-equiv="Content-Type" content="text/html;charset=utf-8" />
  <meta name='ocr-system' content='tesseract 3.04.00' />
  <meta name='ocr-capabilities' content='ocr_page ocr_carea ocr_par ocr_line ocrx_word'/>
</head>
<body>
  <div class='ocr_page' id='page_1' title='image "ausgewhltegedic00sedlgoog_0154.png"; bbox 0 0 2934 4117; ppageno 0'>
   <div class='ocr_carea' id='block_1_1' title="bbox 130 91 880 182">
    <p class='ocr_par' dir='ltr' id='par_1_1' title="bbox 130 91 880 182">
     <span class='ocr_line' id='line_1_1' title="bbox 130 91 880 182; baseline 0.011 -24"><span class='ocrx_word' id='word_1_1' title='bbox 130 91 134 97; x_wconf 52' lang='lat'><strong>⁴</strong></span> <span class='ocrx_word' id='word_1_2' title='bbox 231 98 289 161; x_wconf 77' lang='lat'><strong>126</strong></span> <span class='ocrx_word' id='word_1_3' title='bbox 597 112 709 182; x_wconf 64' lang='lat' dir='ltr'><strong>dicator:</strong></span> <span class='ocrx_word' id='word_1_4' title='bbox 729 112 765 166; x_wconf 90' lang='lat'><strong>11.</strong></span> <span class='ocrx_word' id='word_1_5' title='bbox 783 112 880 181; x_wconf 55' lang='lat' dir='ltr'><strong>&amp;alten</strong></span> 
     </span>
    </p>
   </div>
   <div class='ocr_carea' id='block_1_2' title="bbox 193 284 1101 2119">
    <p class='ocr_par' dir='ltr' id='par_1_2' title="bbox 226 284 987 470">
     <span class='ocr_line' id='line_1_2' title="bbox 226 284 987 370; baseline -0.001 -20"><span class='ocrx_word' id='word_1_6' title='bbox 226 286 327 370; x_wconf 88' lang='lat' dir='ltr'><strong>prima</strong></span> <span class='ocrx_word' id='word_1_7' title='bbox 349 294 454 350; x_wconf 82' lang='lat' dir='ltr'><strong>movet</strong></span> <span class='ocrx_word' id='word_1_8' title='bbox 476 286 578 351; x_wconf 83' lang='lat' dir='ltr'><strong>Cacus</strong></span> <span class='ocrx_word' id='word_1_9' title='bbox 601 285 713 349; x_wconf 87' lang='lat' dir='ltr'><strong>collata</strong></span> <span class='ocrx_word' id='word_1_10' title='bbox 734 284 853 368; x_wconf 91' lang='lat' dir='ltr'><strong>proelia</strong></span> <span class='ocrx_word' id='word_1_11' title='bbox 875 284 987 350; x_wconf 81' lang='lat' dir='ltr'><strong>dextra</strong></span> 
     </span>
     <span class='ocr_line' id='line_1_3' title="bbox 268 386 974 470; baseline -0.001 -18"><span class='ocrx_word' id='word_1_12' title='bbox 268 406 399 470; x_wconf 87' lang='lat' dir='ltr'><strong>remque</strong></span> <span class='ocrx_word' id='word_1_13' title='bbox 420 387 510 453; x_wconf 84' lang='lat' dir='ltr'><strong>ferox</strong></span> <span class='ocrx_word' id='word_1_14' title='bbox 533 386 620 452; x_wconf 83' lang='lat' dir='ltr'><strong>saxis</strong></span> <span class='ocrx_word' id='word_1_15' title='bbox 642 386 863 469; x_wconf 80' lang='lat' dir='ltr'><strong>stipitibusque</strong></span> <span class='ocrx_word' id='word_1_16' title='bbox 884 387 974 470; x_wconf 84' lang='lat' dir='ltr'><strong>gerit.</strong></span> 
     </span>
    </p>

    <p class='ocr_par' dir='ltr' id='par_1_3' title="bbox 227 489 1101 676">
     <span class='ocr_line' id='line_1_4' title="bbox 227 489 1101 575; baseline -0.001 -19"><span class='ocrx_word' id='word_1_17' title='bbox 227 490 296 575; x_wconf 90' lang='lat' dir='ltr'><strong>quis</strong></span> <span class='ocrx_word' id='word_1_18' title='bbox 318 490 373 555; x_wconf 92' lang='lat' dir='ltr'><strong>ubi</strong></span> <span class='ocrx_word' id='word_1_19' title='bbox 395 490 440 555; x_wconf 92' lang='lat' dir='ltr'><strong>nil</strong></span> <span class='ocrx_word' id='word_1_20' title='bbox 461 491 575 573; x_wconf 84' lang='lat' dir='ltr'><strong>agitur,</strong></span> <span class='ocrx_word' id='word_1_21' title='bbox 597 490 716 575; x_wconf 85' lang='lat' dir='ltr'><strong>patrias</strong></span> <span class='ocrx_word' id='word_1_22' title='bbox 739 489 931 555; x_wconf 86' lang='lat' dir='ltr'><strong>malefortis</strong></span> <span class='ocrx_word' id='word_1_23' title='bbox 953 489 995 555; x_wconf 91' lang='lat' dir='ltr'><strong>ad</strong></span> <span class='ocrx_word' id='word_1_24' title='bbox 1016 498 1101 555; x_wconf 86' lang='lat' dir='ltr'><strong>artes</strong></span> 
     </span>
     <span class='ocr_line' id='line_1_5' title="bbox 270 592 990 676; baseline -0.004 -18"><span class='ocrx_word' id='word_1_25' title='bbox 270 592 411 676; x_wconf 76' lang='lat' dir='ltr'><strong>confugit</strong></span> <span class='ocrx_word' id='word_1_26' title='bbox 433 602 465 657; x_wconf 91' lang='lat' dir='ltr'><strong>et</strong></span> <span class='ocrx_word' id='word_1_27' title='bbox 485 592 629 657; x_wconf 87' lang='lat' dir='ltr'><strong>flammas</strong></span> <span class='ocrx_word' id='word_1_28' title='bbox 651 611 704 657; x_wconf 90' lang='lat' dir='ltr'><strong>ore</strong></span> <span class='ocrx_word' id='word_1_29' title='bbox 727 597 860 658; x_wconf 88' lang='lat' dir='ltr'><strong>sonante</strong></span> <span class='ocrx_word' id='word_1_30' title='bbox 883 593 990 657; x_wconf 87' lang='lat' dir='ltr'><strong>vomit.</strong></span> 
     </span>
    </p>

    <p class='ocr_par' dir='ltr' id='par_1_4' title="bbox 228 694 1066 884">
     <span class='ocr_line' id='line_1_6' title="bbox 228 694 1066 781; baseline 0.001 -21"><span class='ocrx_word' id='word_1_31' title='bbox 228 716 306 779; x_wconf 89' lang='lat' dir='ltr'><strong>quas</strong></span> <span class='ocrx_word' id='word_1_32' title='bbox 328 696 473 778; x_wconf 87' lang='lat' dir='ltr'><strong>quotiens</strong></span> <span class='ocrx_word' id='word_1_33' title='bbox 494 694 615 781; x_wconf 88' lang='lat' dir='ltr'><strong>proflat,</strong></span> <span class='ocrx_word' id='word_1_34' title='bbox 639 696 758 779; x_wconf 88' lang='lat' dir='ltr'><strong>spirare</strong></span> <span class='ocrx_word' id='word_1_35' title='bbox 780 694 934 779; x_wconf 72' lang='lat' dir='ltr'><strong>Typhoea</strong></span> <span class='ocrx_word' id='word_1_36' title='bbox 956 694 1066 761; x_wconf 89' lang='lat' dir='ltr'><strong>credas</strong></span> 
     </span>
     <span class='ocr_line' id='line_1_7' title="bbox 270 798 1008 884; baseline -0.003 -19"><span class='ocrx_word' id='word_1_37' title='bbox 270 806 302 865; x_wconf 91' lang='lat' dir='ltr'><strong>et</strong></span> <span class='ocrx_word' id='word_1_38' title='bbox 324 799 468 884; x_wconf 89' lang='lat' dir='ltr'><strong>rapidum</strong></span> <span class='ocrx_word' id='word_1_39' title='bbox 489 801 631 865; x_wconf 87' lang='lat' dir='ltr'><strong>Aetnaeo</strong></span> <span class='ocrx_word' id='word_1_40' title='bbox 653 799 758 882; x_wconf 84' lang='lat' dir='ltr'><strong>fulgur</strong></span> <span class='ocrx_word' id='word_1_41' title='bbox 780 799 820 863; x_wconf 92' lang='lat' dir='ltr'><strong>ab</strong></span> <span class='ocrx_word' id='word_1_42' title='bbox 843 799 917 883; x_wconf 79' lang='lat' dir='ltr'><strong>igne</strong></span> <span class='ocrx_word' id='word_1_43' title='bbox 939 798 1008 863; x_wconf 90' lang='lat' dir='ltr'><strong>iaci.</strong></span> 
     </span>
    </p>

    <p class='ocr_par' dir='ltr' id='par_1_5' title="bbox 193 900 1007 1088">
     <span class='ocr_line' id='line_1_8' title="bbox 193 900 1007 987; baseline -0.001 -19"><span class='ocrx_word' id='word_1_44' title='bbox 193 943 195 947; x_wconf 54' lang='lat'>&lt;</span> <span class='ocrx_word' id='word_1_45' title='bbox 227 910 360 987; x_wconf 90' lang='lat' dir='ltr'><strong>occupat</strong></span> <span class='ocrx_word' id='word_1_46' title='bbox 381 902 519 985; x_wconf 79' lang='lat' dir='ltr'><strong>Alcides,</strong></span> <span class='ocrx_word' id='word_1_47' title='bbox 541 901 741 984; x_wconf 87' lang='lat' dir='ltr'><strong>adductaque</strong></span> <span class='ocrx_word' id='word_1_48' title='bbox 764 902 854 967; x_wconf 87' lang='lat' dir='ltr'><strong>clava</strong></span> <span class='ocrx_word' id='word_1_49' title='bbox 876 900 1007 967; x_wconf 88' lang='lat' dir='ltr'><strong>trinodis</strong></span> 
     </span>
     <span class='ocr_line' id='line_1_9' title="bbox 271 1004 932 1088; baseline -0.002 -18"><span class='ocrx_word' id='word_1_50' title='bbox 271 1011 319 1071; x_wconf 88' lang='lat' dir='ltr'><strong>ter</strong></span> <span class='ocrx_word' id='word_1_51' title='bbox 341 1012 452 1088; x_wconf 88' lang='lat' dir='ltr'><strong>quater</strong></span> <span class='ocrx_word' id='word_1_52' title='bbox 472 1005 606 1071; x_wconf 84' lang='lat' dir='ltr'><strong>adverso</strong></span> <span class='ocrx_word' id='word_1_53' title='bbox 628 1004 765 1071; x_wconf 88' lang='lat' dir='ltr'><strong>seditio</strong></span> <span class='ocrx_word' id='word_1_54' title='bbox 787 1025 841 1070; x_wconf 91' lang='lat' dir='ltr'><strong>ore</strong></span> <span class='ocrx_word' id='word_1_55' title='bbox 862 1004 932 1069; x_wconf 84' lang='lat' dir='ltr'><strong>riri.</strong></span> 
     </span>
    </p>

    <p class='ocr_par' dir='ltr' id='par_1_6' title="bbox 228 1106 1099 1297">
     <span class='ocr_line' id='line_1_10' title="bbox 228 1106 1099 1191; baseline 0.001 -20"><span class='ocrx_word' id='word_1_56' title='bbox 228 1107 280 1173; x_wconf 86' lang='lat' dir='ltr'><strong>ille</strong></span> <span class='ocrx_word' id='word_1_57' title='bbox 302 1106 387 1173; x_wconf 91' lang='lat' dir='ltr'><strong>cadit</strong></span> <span class='ocrx_word' id='word_1_58' title='bbox 408 1108 586 1190; x_wconf 83' lang='lat' dir='ltr'><strong>mixtosque</strong></span> <span class='ocrx_word' id='word_1_59' title='bbox 608 1108 706 1173; x_wconf 89' lang='lat' dir='ltr'><strong>vomit</strong></span> <span class='ocrx_word' id='word_1_60' title='bbox 727 1128 798 1172; x_wconf 91' lang='lat' dir='ltr'><strong>cum</strong></span> <span class='ocrx_word' id='word_1_61' title='bbox 821 1107 975 1191; x_wconf 84' lang='lat' dir='ltr'><strong>sanguine</strong></span> <span class='ocrx_word' id='word_1_62' title='bbox 997 1106 1099 1172; x_wconf 90' lang='lat' dir='ltr'><strong>fumos</strong></span> 
     </span>
     <span class='ocr_line' id='line_1_11' title="bbox 272 1210 998 1297; baseline -0.001 -21"><span class='ocrx_word' id='word_1_63' title='bbox 272 1217 304 1276; x_wconf 91' lang='lat' dir='ltr'><strong>et</strong></span> <span class='ocrx_word' id='word_1_64' title='bbox 324 1211 388 1277; x_wconf 88' lang='lat' dir='ltr'><strong>lato</strong></span> <span class='ocrx_word' id='word_1_65' title='bbox 411 1211 546 1277; x_wconf 90' lang='lat' dir='ltr'><strong>moriens</strong></span> <span class='ocrx_word' id='word_1_66' title='bbox 567 1216 694 1297; x_wconf 78' lang='lat' dir='ltr'><strong>pectore</strong></span> <span class='ocrx_word' id='word_1_67' title='bbox 716 1211 839 1296; x_wconf 82' lang='lat' dir='ltr'><strong>plangit</strong></span> <span class='ocrx_word' id='word_1_68' title='bbox 861 1210 998 1275; x_wconf 90' lang='lat' dir='ltr'><strong>humum.</strong></span> 
     </span>
    </p>

    <p class='ocr_par' dir='ltr' id='par_1_7' title="bbox 228 1314 1045 1499">
     <span class='ocr_line' id='line_1_12' title="bbox 228 1314 1045 1399; baseline -0.001 -21"><span class='ocrx_word' id='word_1_69' title='bbox 228 1314 368 1380; x_wconf 91' lang='lat' dir='ltr'><strong>immolat</strong></span> <span class='ocrx_word' id='word_1_70' title='bbox 390 1335 431 1381; x_wconf 84' lang='lat' dir='ltr'><strong>ex</strong></span> <span class='ocrx_word' id='word_1_71' title='bbox 453 1316 514 1381; x_wconf 90' lang='lat' dir='ltr'><strong>illis</strong></span> <span class='ocrx_word' id='word_1_72' title='bbox 536 1323 660 1380; x_wconf 89' lang='lat' dir='ltr'><strong>taurum</strong></span> <span class='ocrx_word' id='word_1_73' title='bbox 682 1314 750 1396; x_wconf 88' lang='lat' dir='ltr'><strong>tibi,</strong></span> <span class='ocrx_word' id='word_1_74' title='bbox 774 1314 925 1399; x_wconf 90' lang='lat' dir='ltr'><strong>Iuppiter,</strong></span> <span class='ocrx_word' id='word_1_75' title='bbox 948 1334 1045 1378; x_wconf 91' lang='lat' dir='ltr'><strong>unum</strong></span> 
     </span>
     <span class='ocr_line' id='line_1_13' title="bbox 272 1416 976 1499; baseline -0.004 -17"><span class='ocrx_word' id='word_1_76' title='bbox 272 1417 372 1482; x_wconf 87' lang='lat' dir='ltr'><strong>victor</strong></span> <span class='ocrx_word' id='word_1_77' title='bbox 393 1423 425 1482; x_wconf 91' lang='lat' dir='ltr'><strong>et</strong></span> <span class='ocrx_word' id='word_1_78' title='bbox 446 1416 629 1482; x_wconf 82' lang='lat' dir='ltr'><strong>Euandrum</strong></span> <span class='ocrx_word' id='word_1_79' title='bbox 649 1416 861 1499; x_wconf 87' lang='lat' dir='ltr'><strong>ruricolasque</strong></span> <span class='ocrx_word' id='word_1_80' title='bbox 883 1422 976 1482; x_wconf 79' lang='lat' dir='ltr'><strong>vocat</strong></span> 
     </span>
    </p>

    <p class='ocr_par' dir='ltr' id='par_1_8' title="bbox 230 1519 1070 1708">
     <span class='ocr_line' id='line_1_14' title="bbox 230 1519 1070 1603; baseline -0.001 -19"><span class='ocrx_word' id='word_1_81' title='bbox 230 1520 451 1603; x_wconf 89' lang='lat' dir='ltr'><strong>constituitque</strong></span> <span class='ocrx_word' id='word_1_82' title='bbox 472 1520 542 1602; x_wconf 89' lang='lat' dir='ltr'><strong>sibi,</strong></span> <span class='ocrx_word' id='word_1_83' title='bbox 565 1540 646 1603; x_wconf 89' lang='lat' dir='ltr'><strong>quae</strong></span> <span class='ocrx_word' id='word_1_84' title='bbox 667 1520 807 1584; x_wconf 84' lang='lat' dir='ltr'><strong>Maxima</strong></span> <span class='ocrx_word' id='word_1_85' title='bbox 830 1519 951 1600; x_wconf 86' lang='lat' dir='ltr'><strong>dicitur,</strong></span> <span class='ocrx_word' id='word_1_86' title='bbox 973 1539 1070 1600; x_wconf 87' lang='lat' dir='ltr'><strong>aram,</strong></span> 
     </span>
     <span class='ocr_line' id='line_1_15' title="bbox 272 1621 1032 1708; baseline -0.003 -21"><span class='ocrx_word' id='word_1_87' title='bbox 272 1622 324 1688; x_wconf 91' lang='lat' dir='ltr'><strong>hic</strong></span> <span class='ocrx_word' id='word_1_88' title='bbox 346 1623 400 1689; x_wconf 90' lang='lat' dir='ltr'><strong>ubi</strong></span> <span class='ocrx_word' id='word_1_89' title='bbox 421 1644 495 1708; x_wconf 88' lang='lat' dir='ltr'><strong>pars</strong></span> <span class='ocrx_word' id='word_1_90' title='bbox 516 1624 603 1688; x_wconf 87' lang='lat' dir='ltr'><strong>urbis</strong></span> <span class='ocrx_word' id='word_1_91' title='bbox 625 1622 665 1687; x_wconf 93' lang='lat' dir='ltr'><strong>de</strong></span> <span class='ocrx_word' id='word_1_92' title='bbox 687 1624 769 1688; x_wconf 87' lang='lat' dir='ltr'><strong>bove</strong></span> <span class='ocrx_word' id='word_1_93' title='bbox 790 1642 905 1687; x_wconf 91' lang='lat' dir='ltr'><strong>nomen</strong></span> <span class='ocrx_word' id='word_1_94' title='bbox 928 1621 1032 1687; x_wconf 89' lang='lat' dir='ltr'><strong>habet.</strong></span> 
     </span>
    </p>

    <p class='ocr_par' dir='ltr' id='par_1_9' title="bbox 231 1723 1089 1911">
     <span class='ocr_line' id='line_1_16' title="bbox 231 1723 1089 1809; baseline -0.001 -19"><span class='ocrx_word' id='word_1_95' title='bbox 231 1745 290 1791; x_wconf 88' lang='lat' dir='ltr'><strong>nec</strong></span> <span class='ocrx_word' id='word_1_96' title='bbox 312 1731 396 1791; x_wconf 89' lang='lat' dir='ltr'><strong>tacet</strong></span> <span class='ocrx_word' id='word_1_97' title='bbox 416 1725 558 1791; x_wconf 82' lang='lat' dir='ltr'><strong>Euandri</strong></span> <span class='ocrx_word' id='word_1_98' title='bbox 579 1732 679 1791; x_wconf 88' lang='lat' dir='ltr'><strong>mater</strong></span> <span class='ocrx_word' id='word_1_99' title='bbox 700 1745 799 1809; x_wconf 93' lang='lat' dir='ltr'><strong>prope</strong></span> <span class='ocrx_word' id='word_1_100' title='bbox 821 1731 945 1809; x_wconf 90' lang='lat' dir='ltr'><strong>tempus</strong></span> <span class='ocrx_word' id='word_1_101' title='bbox 967 1723 1089 1805; x_wconf 85' lang='lat' dir='ltr'><strong>adesse,</strong></span> 
     </span>
     <span class='ocr_line' id='line_1_17' title="bbox 273 1828 933 1911; baseline -0.002 -19"><span class='ocrx_word' id='word_1_102' title='bbox 273 1829 407 1894; x_wconf 78' lang='lat' dir='ltr'><strong>Hercule</strong></span> <span class='ocrx_word' id='word_1_103' title='bbox 430 1849 491 1911; x_wconf 93' lang='lat' dir='ltr'><strong>quo</strong></span> <span class='ocrx_word' id='word_1_104' title='bbox 513 1829 605 1893; x_wconf 89' lang='lat' dir='ltr'><strong>tellus</strong></span> <span class='ocrx_word' id='word_1_105' title='bbox 627 1829 667 1893; x_wconf 90' lang='lat' dir='ltr'><strong>sit</strong></span> <span class='ocrx_word' id='word_1_106' title='bbox 689 1828 767 1893; x_wconf 91' lang='lat' dir='ltr'><strong>satis</strong></span> <span class='ocrx_word' id='word_1_107' title='bbox 788 1847 847 1894; x_wconf 91' lang='lat' dir='ltr'><strong>usa</strong></span> <span class='ocrx_word' id='word_1_108' title='bbox 868 1847 933 1893; x_wconf 88' lang='lat' dir='ltr'><strong>suo.</strong></span> 
     </span>
    </p>

    <p class='ocr_par' dir='ltr' id='par_1_10' title="bbox 230 1929 1004 2119">
     <span class='ocr_line' id='line_1_18' title="bbox 230 1929 923 2015; baseline -0.001 -20"><span class='ocrx_word' id='word_1_109' title='bbox 230 1937 264 1995; x_wconf 87' lang='lat' dir='ltr'><strong>at</strong></span> <span class='ocrx_word' id='word_1_110' title='bbox 285 1930 363 1996; x_wconf 84' lang='lat' dir='ltr'><strong>felix</strong></span> <span class='ocrx_word' id='word_1_111' title='bbox 385 1938 483 2013; x_wconf 86' lang='lat' dir='ltr'><strong>vates,</strong></span> <span class='ocrx_word' id='word_1_112' title='bbox 506 1939 541 1997; x_wconf 88' lang='lat' dir='ltr'><strong>nt</strong></span> <span class='ocrx_word' id='word_1_113' title='bbox 562 1929 612 1997; x_wconf 89' lang='lat' dir='ltr'><strong>dis</strong></span> <span class='ocrx_word' id='word_1_114' title='bbox 632 1931 812 2015; x_wconf 82' lang='lat' dir='ltr'><strong>gratissima</strong></span> <span class='ocrx_word' id='word_1_115' title='bbox 834 1930 923 2011; x_wconf 83' lang='lat' dir='ltr'><strong>vixit,</strong></span> 
     </span>
     <span class='ocr_line' id='line_1_19' title="bbox 273 2033 1004 2119; baseline -0.003 -19"><span class='ocrx_word' id='word_1_116' title='bbox 273 2033 413 2119; x_wconf 85' lang='lat' dir='ltr'><strong>possidet</strong></span> <span class='ocrx_word' id='word_1_117' title='bbox 434 2034 519 2100; x_wconf 92' lang='lat' dir='ltr'><strong>hunc</strong></span> <span class='ocrx_word' id='word_1_118' title='bbox 540 2035 610 2099; x_wconf 91' lang='lat' dir='ltr'><strong>Iani</strong></span> <span class='ocrx_word' id='word_1_119' title='bbox 631 2033 677 2100; x_wconf 92' lang='lat' dir='ltr'><strong>sic</strong></span> <span class='ocrx_word' id='word_1_120' title='bbox 699 2034 760 2099; x_wconf 90' lang='lat' dir='ltr'><strong>dea</strong></span> <span class='ocrx_word' id='word_1_121' title='bbox 781 2053 889 2099; x_wconf 90' lang='lat' dir='ltr'><strong>mense</strong></span> <span class='ocrx_word' id='word_1_122' title='bbox 912 2033 1004 2099; x_wconf 92' lang='lat' dir='ltr'><strong>diem.</strong></span> 
     </span>
    </p>
   </div>
   <div class='ocr_carea' id='block_1_3' title="bbox 417 2213 1071 2300">
    <p class='ocr_par' dir='ltr' id='par_1_11' title="bbox 417 2213 1071 2300">
     <span class='ocr_line' id='line_1_20' title="bbox 417 2213 1071 2300; baseline 0.003 -17"><span class='ocrx_word' id='word_1_123' title='bbox 417 2213 452 2286; x_wconf 84' lang='lat'><strong>4.</strong></span> <span class='ocrx_word' id='word_1_124' title='bbox 474 2219 541 2286; x_wconf 61' lang='lat' dir='ltr'><strong>aar</strong></span> <span class='ocrx_word' id='word_1_125' title='bbox 562 2213 616 2284; x_wconf 83' lang='lat'><strong>30.</strong></span> <span class='ocrx_word' id='word_1_126' title='bbox 638 2216 787 2285; x_wconf 57' lang='lat' dir='ltr'><strong>januar.</strong></span> <span class='ocrx_word' id='word_1_127' title='bbox 821 2215 891 2300; x_wconf 66' lang='lat' dir='ltr'><strong>Art</strong></span> <span class='ocrx_word' id='word_1_128' title='bbox 914 2219 968 2284; x_wconf 73' lang='lat' dir='ltr'><strong>ort</strong></span> <span class='ocrx_word' id='word_1_129' title='bbox 990 2217 1071 2297; x_wconf 65' lang='lat' dir='ltr'><strong>tica.</strong></span> 
     </span>
    </p>
   </div>
   <div class='ocr_carea' id='block_1_4' title="bbox 232 2342 1123 3352">
    <p class='ocr_par' dir='ltr' id='par_1_12' title="bbox 232 2342 1071 2512">
     <span class='ocr_line' id='line_1_21' title="bbox 232 2342 1071 2429; baseline -0.002 -21"><span class='ocrx_word' id='word_1_130' title='bbox 232 2345 339 2429; x_wconf 89' lang='lat' dir='ltr'><strong>Ipsum</strong></span> <span class='ocrx_word' id='word_1_131' title='bbox 361 2364 419 2409; x_wconf 90' lang='lat' dir='ltr'><strong>nos</strong></span> <span class='ocrx_word' id='word_1_132' title='bbox 442 2363 568 2410; x_wconf 86' lang='lat' dir='ltr'><strong>carmen</strong></span> <span class='ocrx_word' id='word_1_133' title='bbox 591 2342 724 2408; x_wconf 87' lang='lat' dir='ltr'><strong>deduxit</strong></span> <span class='ocrx_word' id='word_1_134' title='bbox 744 2343 837 2408; x_wconf 89' lang='lat' dir='ltr'><strong>Pacis</strong></span> <span class='ocrx_word' id='word_1_135' title='bbox 858 2342 900 2407; x_wconf 92' lang='lat' dir='ltr'><strong>ad</strong></span> <span class='ocrx_word' id='word_1_136' title='bbox 922 2363 1018 2407; x_wconf 88' lang='lat' dir='ltr'><strong>aram.</strong></span> <span class='ocrx_word' id='word_1_137' title='bbox 1068 2362 1071 2365; x_wconf 86' lang='lat'>·</span> 
     </span>
     <span class='ocr_line' id='line_1_22' title="bbox 275 2445 961 2512; baseline -0.001 -2"><span class='ocrx_word' id='word_1_138' title='bbox 275 2446 354 2511; x_wconf 88' lang='lat' dir='ltr'><strong>haec</strong></span> <span class='ocrx_word' id='word_1_139' title='bbox 377 2447 435 2511; x_wconf 87' lang='lat' dir='ltr'><strong>erit</strong></span> <span class='ocrx_word' id='word_1_140' title='bbox 455 2466 476 2511; x_wconf 87' lang='lat' dir='ltr'><strong>a</strong></span> <span class='ocrx_word' id='word_1_141' title='bbox 497 2447 615 2512; x_wconf 86' lang='lat' dir='ltr'><strong>mensis</strong></span> <span class='ocrx_word' id='word_1_142' title='bbox 636 2445 700 2511; x_wconf 91' lang='lat' dir='ltr'><strong>fine</strong></span> <span class='ocrx_word' id='word_1_143' title='bbox 722 2445 862 2512; x_wconf 89' lang='lat' dir='ltr'><strong>secunda</strong></span> <span class='ocrx_word' id='word_1_144' title='bbox 884 2445 961 2511; x_wconf 90' lang='lat' dir='ltr'><strong>dies.</strong></span> 
     </span>
    </p>

    <p class='ocr_par' dir='ltr' id='par_1_13' title="bbox 233 2546 1046 2731">
     <span class='ocr_line' id='line_1_23' title="bbox 233 2546 1046 2632; baseline 0.001 -20"><span class='ocrx_word' id='word_1_145' title='bbox 233 2546 396 2613; x_wconf 85' lang='lat' dir='ltr'><strong>frondibus</strong></span> <span class='ocrx_word' id='word_1_146' title='bbox 418 2548 556 2613; x_wconf 83' lang='lat' dir='ltr'><strong>Actiacis</strong></span> <span class='ocrx_word' id='word_1_147' title='bbox 579 2556 719 2632; x_wconf 89' lang='lat' dir='ltr'><strong>comptos</strong></span> <span class='ocrx_word' id='word_1_148' title='bbox 740 2546 886 2612; x_wconf 85' lang='lat' dir='ltr'><strong>redimita</strong></span> <span class='ocrx_word' id='word_1_149' title='bbox 909 2548 1046 2631; x_wconf 86' lang='lat' dir='ltr'><strong>capillos,</strong></span> 
     </span>
     <span class='ocr_line' id='line_1_24' title="bbox 275 2650 980 2731; baseline 0 -17"><span class='ocrx_word' id='word_1_150' title='bbox 275 2652 354 2731; x_wconf 83' lang='lat' dir='ltr'><strong>Pax,</strong></span> <span class='ocrx_word' id='word_1_151' title='bbox 376 2650 454 2716; x_wconf 88' lang='lat' dir='ltr'><strong>ades</strong></span> <span class='ocrx_word' id='word_1_152' title='bbox 476 2657 508 2716; x_wconf 91' lang='lat' dir='ltr'><strong>et</strong></span> <span class='ocrx_word' id='word_1_153' title='bbox 529 2658 594 2717; x_wconf 89' lang='lat' dir='ltr'><strong>toto</strong></span> <span class='ocrx_word' id='word_1_154' title='bbox 615 2651 701 2716; x_wconf 90' lang='lat' dir='ltr'><strong>mitis</strong></span> <span class='ocrx_word' id='word_1_155' title='bbox 721 2652 754 2715; x_wconf 94' lang='lat' dir='ltr'><strong>in</strong></span> <span class='ocrx_word' id='word_1_156' title='bbox 777 2652 852 2717; x_wconf 89' lang='lat' dir='ltr'><strong>orbe</strong></span> <span class='ocrx_word' id='word_1_157' title='bbox 874 2652 980 2715; x_wconf 85' lang='lat' dir='ltr'><strong>mane!</strong></span> 
     </span>
    </p>

    <p class='ocr_par' dir='ltr' id='par_1_14' title="bbox 234 2752 1123 2941">
     <span class='ocr_line' id='line_1_25' title="bbox 234 2752 1123 2838; baseline 0.002 -21"><span class='ocrx_word' id='word_1_158' title='bbox 234 2752 307 2817; x_wconf 92' lang='lat' dir='ltr'><strong>dum</strong></span> <span class='ocrx_word' id='word_1_159' title='bbox 331 2752 435 2819; x_wconf 86' lang='lat' dir='ltr'><strong>desint</strong></span> <span class='ocrx_word' id='word_1_160' title='bbox 457 2754 571 2836; x_wconf 87' lang='lat' dir='ltr'><strong>hostes,</strong></span> <span class='ocrx_word' id='word_1_161' title='bbox 594 2753 676 2819; x_wconf 90' lang='lat' dir='ltr'><strong>desit</strong></span> <span class='ocrx_word' id='word_1_162' title='bbox 698 2774 821 2837; x_wconf 90' lang='lat' dir='ltr'><strong>quoque</strong></span> <span class='ocrx_word' id='word_1_163' title='bbox 844 2773 939 2819; x_wconf 91' lang='lat' dir='ltr'><strong>causa</strong></span> <span class='ocrx_word' id='word_1_164' title='bbox 961 2753 1123 2838; x_wconf 85' lang='lat' dir='ltr'><strong>triumphi:</strong></span> 
     </span>
     <span class='ocr_line' id='line_1_26' title="bbox 276 2856 900 2941; baseline 0 -21"><span class='ocrx_word' id='word_1_165' title='bbox 276 2862 310 2920; x_wconf 91' lang='lat' dir='ltr'><strong>tu</strong></span> <span class='ocrx_word' id='word_1_166' title='bbox 331 2856 464 2922; x_wconf 91' lang='lat' dir='ltr'><strong>ducibus</strong></span> <span class='ocrx_word' id='word_1_167' title='bbox 486 2857 567 2922; x_wconf 92' lang='lat' dir='ltr'><strong>bello</strong></span> <span class='ocrx_word' id='word_1_168' title='bbox 588 2856 689 2941; x_wconf 84' lang='lat' dir='ltr'><strong>gloria</strong></span> <span class='ocrx_word' id='word_1_169' title='bbox 709 2857 808 2922; x_wconf 93' lang='lat' dir='ltr'><strong>maior</strong></span> <span class='ocrx_word' id='word_1_170' title='bbox 830 2856 900 2921; x_wconf 89' lang='lat' dir='ltr'><strong>eris.</strong></span> 
     </span>
    </p>

    <p class='ocr_par' dir='ltr' id='par_1_15' title="bbox 234 2959 1074 3146">
     <span class='ocr_line' id='line_1_27' title="bbox 234 2959 1074 3043; baseline 0 -19"><span class='ocrx_word' id='word_1_171' title='bbox 234 2959 301 3025; x_wconf 88' lang='lat' dir='ltr'><strong>sola</strong></span> <span class='ocrx_word' id='word_1_172' title='bbox 322 2966 412 3043; x_wconf 78' lang='lat' dir='ltr'><strong>gerat</strong></span> <span class='ocrx_word' id='word_1_173' title='bbox 434 2960 533 3042; x_wconf 86' lang='lat' dir='ltr'><strong>miles,</strong></span> <span class='ocrx_word' id='word_1_174' title='bbox 557 2959 671 3041; x_wconf 89' lang='lat' dir='ltr'><strong>quibus</strong></span> <span class='ocrx_word' id='word_1_175' title='bbox 692 2979 780 3023; x_wconf 88' lang='lat' dir='ltr'><strong>arma</strong></span> <span class='ocrx_word' id='word_1_176' title='bbox 803 2965 953 3041; x_wconf 70' lang='lat' dir='ltr'><strong>coerceat,</strong></span> <span class='ocrx_word' id='word_1_177' title='bbox 976 2979 1074 3042; x_wconf 90' lang='lat' dir='ltr'><strong>arma,</strong></span> 
     </span>
     <span class='ocr_line' id='line_1_28' title="bbox 277 3062 964 3146; baseline 0.003 -21"><span class='ocrx_word' id='word_1_178' title='bbox 277 3067 481 3145; x_wconf 89' lang='lat' dir='ltr'><strong>canteturque</strong></span> <span class='ocrx_word' id='word_1_179' title='bbox 503 3062 571 3127; x_wconf 88' lang='lat' dir='ltr'><strong>fera</strong></span> <span class='ocrx_word' id='word_1_180' title='bbox 593 3062 636 3127; x_wconf 92' lang='lat' dir='ltr'><strong>nil</strong></span> <span class='ocrx_word' id='word_1_181' title='bbox 659 3062 718 3127; x_wconf 86' lang='lat' dir='ltr'><strong>nisi</strong></span> <span class='ocrx_word' id='word_1_182' title='bbox 742 3082 857 3146; x_wconf 90' lang='lat' dir='ltr'><strong>pompa</strong></span> <span class='ocrx_word' id='word_1_183' title='bbox 879 3064 964 3128; x_wconf 87' lang='lat' dir='ltr'><strong>tuba.</strong></span> 
     </span>
    </p>

    <p class='ocr_par' dir='ltr' id='par_1_16' title="bbox 234 3165 1063 3352">
     <span class='ocr_line' id='line_1_29' title="bbox 234 3165 1063 3249; baseline 0.001 -20"><span class='ocrx_word' id='word_1_184' title='bbox 234 3165 358 3231; x_wconf 86' lang='lat' dir='ltr'><strong>horreat</strong></span> <span class='ocrx_word' id='word_1_185' title='bbox 379 3165 547 3231; x_wconf 86' lang='lat' dir='ltr'><strong>Aeneadas</strong></span> <span class='ocrx_word' id='word_1_186' title='bbox 569 3172 601 3231; x_wconf 92' lang='lat' dir='ltr'><strong>et</strong></span> <span class='ocrx_word' id='word_1_187' title='bbox 622 3166 742 3249; x_wconf 91' lang='lat' dir='ltr'><strong>primus</strong></span> <span class='ocrx_word' id='word_1_188' title='bbox 764 3172 796 3230; x_wconf 92' lang='lat' dir='ltr'><strong>et</strong></span> <span class='ocrx_word' id='word_1_189' title='bbox 816 3165 944 3231; x_wconf 88' lang='lat' dir='ltr'><strong>ultimus</strong></span> <span class='ocrx_word' id='word_1_190' title='bbox 966 3165 1063 3231; x_wconf 87' lang='lat' dir='ltr'><strong>orbis:</strong></span> 
     </span>
     <span class='ocr_line' id='line_1_30' title="bbox 277 3268 1036 3352; baseline 0 -20"><span class='ocrx_word' id='word_1_191' title='bbox 277 3268 368 3350; x_wconf 88' lang='lat' dir='ltr'><strong>siqua</strong></span> <span class='ocrx_word' id='word_1_192' title='bbox 388 3288 499 3351; x_wconf 90' lang='lat' dir='ltr'><strong>parum</strong></span> <span class='ocrx_word' id='word_1_193' title='bbox 520 3270 652 3334; x_wconf 86' lang='lat' dir='ltr'><strong>Romam</strong></span> <span class='ocrx_word' id='word_1_194' title='bbox 675 3275 759 3334; x_wconf 86' lang='lat' dir='ltr'><strong>terra</strong></span> <span class='ocrx_word' id='word_1_195' title='bbox 780 3268 920 3352; x_wconf 86' lang='lat' dir='ltr'><strong>timebat,</strong></span> <span class='ocrx_word' id='word_1_196' title='bbox 943 3274 1036 3333; x_wconf 89' lang='lat' dir='ltr'><strong>amet.</strong></span> 
     </span>
    </p>
   </div>
   <div class='ocr_carea' id='block_1_5' title="bbox 125 3371 1009 3452">
    <p class='ocr_par' dir='ltr' id='par_1_17' title="bbox 125 3371 1009 3452">
     <span class='ocr_line' id='line_1_31' title="bbox 125 3371 1009 3452; baseline 0.001 -19"><span class='ocrx_word' id='word_1_197' title='bbox 125 3410 128 3417; x_wconf 22' lang='grc' dir='ltr'><strong><em>Δ</em></strong></span> <span class='ocrx_word' id='word_1_198' title='bbox 236 3377 314 3451; x_wconf 85' lang='lat' dir='ltr'><strong>tura,</strong></span> <span class='ocrx_word' id='word_1_199' title='bbox 337 3371 524 3452; x_wconf 88' lang='lat' dir='ltr'><strong>sacerdotes,</strong></span> <span class='ocrx_word' id='word_1_200' title='bbox 548 3372 714 3437; x_wconf 87' lang='lat' dir='ltr'><strong>Pacalibus</strong></span> <span class='ocrx_word' id='word_1_201' title='bbox 736 3371 844 3437; x_wconf 92' lang='lat' dir='ltr'><strong>addite</strong></span> <span class='ocrx_word' id='word_1_202' title='bbox 866 3371 1009 3452; x_wconf 88' lang='lat' dir='ltr'><strong>flammis,</strong></span> 
     </span>
    </p>
   </div>
   <div class='ocr_carea' id='block_1_6' title="bbox 236 3473 1220 3763">
    <p class='ocr_par' dir='ltr' id='par_1_18' title="bbox 236 3473 1220 3763">
     <span class='ocr_line' id='line_1_32' title="bbox 278 3473 957 3558; baseline 0.001 -22"><span class='ocrx_word' id='word_1_203' title='bbox 278 3474 412 3555; x_wconf 86' lang='lat' dir='ltr'><strong>albaque</strong></span> <span class='ocrx_word' id='word_1_204' title='bbox 433 3473 561 3558; x_wconf 88' lang='lat' dir='ltr'><strong>perfusa</strong></span> <span class='ocrx_word' id='word_1_205' title='bbox 582 3475 710 3539; x_wconf 90' lang='lat' dir='ltr'><strong>victima</strong></span> <span class='ocrx_word' id='word_1_206' title='bbox 731 3474 834 3539; x_wconf 87' lang='lat' dir='ltr'><strong>fronte</strong></span> <span class='ocrx_word' id='word_1_207' title='bbox 856 3473 957 3539; x_wconf 89' lang='lat' dir='ltr'><strong>cadat.</strong></span> 
     </span>
     <span class='ocr_line' id='line_1_33' title="bbox 236 3575 1220 3660; baseline 0.001 -22"><span class='ocrx_word' id='word_1_208' title='bbox 236 3579 331 3656; x_wconf 89' lang='lat' dir='ltr'><strong>utque</strong></span> <span class='ocrx_word' id='word_1_209' title='bbox 353 3575 474 3657; x_wconf 77' lang='lat' dir='ltr'><strong>domuc,</strong></span> <span class='ocrx_word' id='word_1_210' title='bbox 497 3596 578 3658; x_wconf 89' lang='lat' dir='ltr'><strong>quae</strong></span> <span class='ocrx_word' id='word_1_211' title='bbox 600 3582 740 3660; x_wconf 89' lang='lat' dir='ltr'><strong>praestat</strong></span> <span class='ocrx_word' id='word_1_212' title='bbox 762 3596 841 3657; x_wconf 91' lang='lat' dir='ltr'><strong>eam,</strong></span> <span class='ocrx_word' id='word_1_213' title='bbox 865 3597 934 3641; x_wconf 91' lang='lat' dir='ltr'><strong>cum</strong></span> <span class='ocrx_word' id='word_1_214' title='bbox 957 3596 1036 3660; x_wconf 87' lang='lat' dir='ltr'><strong>pace</strong></span> <span class='ocrx_word' id='word_1_215' title='bbox 1058 3583 1220 3660; x_wconf 86' lang='lat' dir='ltr'><strong>perennet,</strong></span> 
     </span>
     <span class='ocr_line' id='line_1_34' title="bbox 279 3674 921 3763; baseline 0.005 -23"><span class='ocrx_word' id='word_1_216' title='bbox 279 3674 320 3740; x_wconf 92' lang='lat' dir='ltr'><strong>ad</strong></span> <span class='ocrx_word' id='word_1_217' title='bbox 342 3677 396 3761; x_wconf 91' lang='lat' dir='ltr'><strong>pia</strong></span> <span class='ocrx_word' id='word_1_218' title='bbox 417 3697 588 3762; x_wconf 88' lang='lat' dir='ltr'><strong>propensos</strong></span> <span class='ocrx_word' id='word_1_219' title='bbox 610 3685 683 3743; x_wconf 90' lang='lat' dir='ltr'><strong>vota</strong></span> <span class='ocrx_word' id='word_1_220' title='bbox 704 3685 814 3763; x_wconf 85' lang='lat' dir='ltr'><strong>rogate</strong></span> <span class='ocrx_word' id='word_1_221' title='bbox 836 3678 921 3744; x_wconf 88' lang='lat' dir='ltr'><strong>deos.</strong></span> 
     </span>
    </p>
   </div>
   <div class='ocr_carea' id='block_1_7' title="bbox 0 0 1484 4117">
    <p class='ocr_par' dir='ltr' id='par_1_19' title="bbox 0 0 1484 4117">
     <span class='ocr_line' id='line_1_35' title="bbox 0 0 1484 4117; baseline 0 0"><span class='ocrx_word' id='word_1_222' title='bbox 0 0 1484 4117; x_wconf 95' lang='lat' dir='ltr'><strong> </strong></span> 
     </span>
    </p>
   </div>
  </div>
 </body>
</html>
