2934 4117
271 162 331 226 176
604 179 717 250 Etepieu:
737 181 786 235 111.
806 179 965 250 111111ῑί1111.

268 352 367 418 vietor
388 353 557 418 Echionias
580 354 608 418 si
629 353 678 419 vir
699 360 897 438 penetrasset
918 355 951 419 in
973 371 1071 438 areos,

310 456 442 520 forsitan
464 455 617 521 Euadnen
640 456 695 521 vix
718 476 776 522 sua
798 464 904 523 nosset
925 457 1046 523 humus.
1127 469 1134 489 ¹

268 579 338 624 oum
360 559 448 624 Pelia
468 560 596 642 genitae
618 565 665 624 tot
686 560 759 641 sint,
783 581 837 625 eur
859 561 973 626 nobilis
995 581 1059 626 una
1082 568 1152 628 est?

309 682 424 746 nempe
446 662 506 726 fuit
528 662 641 728 misero
662 669 763 746 nupta
785 663 868 746 quod
891 684 955 728 una
977 664 1053 729 viro.

268 765 368 847 effice,
391 773 426 831 ut
447 766 560 831 lliaeas
583 772 693 850 tangat
714 766 799 850 prior
821 768 899 833 alter
920 767 1070 834 harenas:

253 921 256 925 .
309 869 482 934 Laodamia
503 869 583 933 nihil
605 890 659 935 eur
680 870 834 936 referatur
855 871 923 935 erit.
980 925 981 928 ,

267 978 299 1037 et
320 978 376 1037 tua
400 1012 438 1019 —
463 973 545 1055 quod
567 974 692 1038 mallem
715 1011 757 1020 —-
779 974 882 1057 pietas
903 974 1013 1058 ignota
1034 983 1185 1058 maneret,

309 1076 475 1160 implerent
496 1077 583 1141 venti
605 1078 632 1143 si
655 1097 726 1143 mea
748 1078 819 1144 vela
841 1078 898 1145 sui.

267 1179 300 1245 di
321 1187 427 1244 tamen
450 1186 482 1245 et
505 1181 621 1246 Caesar
643 1180 692 1245 dis
713 1200 888 1262 aoeessure,
912 1182 969 1246 sed
990 1183 1074 1264 elim,

308 1282 474 1365 aequarint
494 1282 603 1366 Pylios
626 1303 695 1348 oum
718 1291 773 1348 tua
795 1285 861 1349 fata
883 1284 964 1350 dies:

268 1407 330 1451 non
353 1385 439 1466 mihi,
463 1386 517 1469 qui
537 1406 672 1470 poenam
696 1387 797 1454 fateor
819 1389 979 1469 meruisse,
1003 1389 1058 1454 sed
1081 1389 1126 1454 illi

309 1489 437 1572 parcite,
462 1509 542 1571 quae
564 1490 649 1555 nullo
672 1490 771 1575 digna
792 1489 898 1557 dolore
921 1492 1016 1557 deleti

590 1671 641 1742 12.
663 1674 770 1742 ttutet
792 1674 973 1744 Enattara.

267 1802 310 1867 Ut
332 1821 438 1867 sumus
460 1801 494 1865 in
516 1802 626 1882 Ponto,
649 1808 696 1866 ter
718 1802 834 1886 frigere
858 1803 996 1868 constitit
1018 1804 1134 1887 Hister,

310 1905 394 1969 faeta
416 1911 464 1969 est
485 1905 602 1970 Euxini
625 1905 703 1970 dura
725 1913 773 1971 ter
793 1906 879 1972 unda
900 1908 1003 1973 maris.
1061 1947 1063 1951 ·

266 2015 300 2072 at
322 2008 399 2071 mihi
422 2008 484 2071 iam
507 2008 617 2073 videor
638 2010 741 2093 patria
763 2011 871 2095 proeul
894 2030 963 2075 esse
982 2017 1031 2077 tot
1053 2011 1154 2093 annis,

310 2111 459 2175 Dardana
482 2117 557 2193 quot
578 2112 672 2177 Graio
693 2115 788 2178 'Iroia
809 2115 867 2180 sub
891 2114 981 2180 hoste
1003 2114 1070 2179 fuit.

267 2222 350 2280 stare
372 2223 473 2299 putes,
496 2215 576 2282 adeo
597 2217 771 2301 procedunt
793 2225 934 2303 tempora
957 2218 1046 2283 tarde

310 2324 342 2382 et
363 2319 487 2402 peragit
507 2318 601 2384 lentis
624 2321 770 2403 passibus
791 2341 894 2386 annus
916 2321 984 2386 iter.

267 2441 327 2485 nee
348 2420 425 2485 mihi
448 2421 614 2487 solstitium
637 2423 804 2506 quiequam
828 2423 867 2488 de
890 2425 1033 2490 nostibus
1053 2424 1165 2506 aufert,

310 2522 407 2589 effieit
429 2531 579 2608 angustos
601 2546 661 2590 nee
682 2526 760 2590 mihi
781 2528 894 2592 bruma
916 2526 993 2592 dies.

267 2626 387 2692 seilieet
408 2627 441 2691 in
464 2628 556 2693 nobis
579 2649 681 2693 rerum
704 2636 817 2693 natura
838 2637 954 2695 novata
977 2637 1024 2696 est

311 2750 443 2813 eumque
465 2732 544 2796 meis
567 2732 647 2796 euris
669 2733 775 2797 omnia
796 2733 891 2815 longa
913 2733 998 2799 feeit.

267 2854 308 2898 an
331 2840 486 2918 peragunt
507 2834 613 2900 solitos
636 2836 813 2901 eommunia
834 2841 975 2919 tempora
997 2842 1107 2918 motus,

310 2942 445 3019 suntque
467 2937 569 3020 magis
591 2939 676 3003 vitae
698 2945 839 3023 tempora
861 2938 940 3004 dura
962 2939 1074 3004 meae?

268 3059 361 3122 quem
383 3045 470 3105 tenet
491 3041 608 3105 Euxini
630 3041 769 3106 mendax
792 3042 978 3125 cognomine
1000 3042 1084 3124 litus,

310 3148 342 3206 et
364 3143 505 3226 Soythiei
527 3164 602 3209 rere
624 3150 707 3209 terra
728 3145 856 3210 sinistra
876 3144 958 3210 freti.

267 3246 450 3312 innumerae
474 3246 557 3312 eirea
576 3255 689 3331 gentes
711 3247 780 3313 fera
801 3249 884 3313 belia
905 3248 1073 3331 minantur,

311 3349 473 3431 quaesibi
496 3369 559 3416 non
581 3357 672 3435 rapto
694 3351 803 3416 vivere
825 3358 916 3436 turpe
938 3358 1059 3435 putant.

267 3452 311 3515 nil
333 3459 424 3517 extra
445 3459 546 3518 tutum
571 3461 631 3539 est;
655 3455 792 3519 tumulus
815 3453 993 3519 defenditur
1014 3474 1109 3538 aegre

310 3556 474 3621 moenibus
497 3556 621 3639 exiguis
642 3558 834 3641 ingenioque
855 3557 923 3622 loei.

268 3674 338 3719 eum
360 3656 488 3722 minime
511 3659 630 3740 eredas,
653 3667 688 3724 ut
708 3680 794 3740 aves,
817 3659 1022 3726 densissimus
1043 3659 1143 3725 hostis

310 3756 436 3823 advolat
460 3767 490 3825 et
512 3761 663 3844 praedam
686 3762 741 3826 vix
765 3763 846 3828 bene
869 3762 955 3827 visus
977 3763 1052 3847 agit.
