2934 4117
237 95 295 156 136
603 105 716 175 elegias:
736 107 772 161 ΙΙ.
791 106 888 175 &alten

214 266 221 277 ’
275 301 338 345 non
361 281 441 344 ultra
462 280 566 344 lentae
588 299 754 364 possumus
776 298 846 345 esse
867 280 928 364 pie.

231 389 316 450 stant
337 383 430 448 acies.
465 381 522 448 sed
543 388 613 447 utra
635 382 668 446 di
690 383 753 448 sint
774 403 831 468 pro
852 389 942 468 parte
964 384 1105 468 rogandi,

274 486 394 569 eligite:
417 484 492 549 hinc
514 485 661 566 coniunx,
685 484 760 550 hinc
781 491 871 568 pater
892 505 980 550 arma
1001 491 1096 552 tenet.

231 587 445 671 quaerendum
469 593 525 669 est,
548 587 664 653 viduae
685 588 753 654 fieri
776 588 891 654 malitis
913 609 954 653 an
976 589 1080 654 orbae.

274 691 435 757 consilium
459 691 549 756 vobis
572 690 652 756 forte
674 691 823 775 piumque
846 685 961 757 dabo.''

230 794 394 860 consilium
416 792 556 858 dederat.
590 780 890 877 parent'crinesque
911 794 1071 860 resolvunt

208 924 209 927 ¹
272 902 454 978 maestaque
476 897 606 961 funerea
628 916 757 981 corpora
778 900 867 962 veste
889 902 1007 980 tegunt.

211 1001 292 1064 ,iam
314 999 441 1064 stabant
463 999 547 1065 acies
569 998 652 1064 ferro
674 999 828 1081 mortique
849 1005 987 1083 paratae,

271 1102 335 1167 iam
356 1101 451 1166 lituus
472 1121 599 1185 pugnae
621 1102 713 1185 signa
736 1101 863 1166 datuurus
886 1108 966 1166 erat:

231 1225 303 1270 cum
324 1211 435 1289 raptae
457 1205 589 1269 veniunt
610 1204 692 1269 inter
713 1211 882 1289 patresque
904 1205 1049 1287 virosque

270 1308 365 1392 inque
388 1307 458 1372 sinu
480 1313 580 1389 natos,
603 1307 738 1392 pignora
759 1327 841 1389 cara,
865 1314 982 1372 tenent.

231 1418 265 1476 ut
287 1410 425 1476 medium
449 1411 552 1495 campi
575 1411 680 1476 scissis
702 1412 835 1495 tetigere
857 1410 987 1494 capillis

270 1514 303 1578 in
325 1520 440 1579 terram
462 1513 563 1598 posito
585 1514 779 1598 procubuere
800 1533 899 1597 genu:

228 1624 260 1683 et
282 1617 371 1700 quasi
393 1617 554 1698 sentirent,
577 1615 693 1681 blando
716 1617 850 1681 clamore
873 1623 1002 1702 nepotes

269 1719 442 1784 tendebant
463 1718 506 1783 ad
527 1739 605 1784 avos
625 1718 774 1783 bracchia
795 1739 894 1803 parva
917 1739 999 1786 suos.

230 1822 284 1905 qui
306 1828 438 1906 poterat,
462 1822 618 1887 clamabat
640 1842 735 1887 avum
756 1828 832 1886 tunc
854 1820 990 1905 denique
1012 1821 1123 1903 visum,

271 1931 302 1989 et
325 1925 378 2006 qui
399 1924 455 1989 vix
478 1930 608 2008 poterat,
631 1944 724 2007 posse
747 1931 873 1990 coactus
895 1931 971 1990 erat.

229 2029 292 2092 tela
314 2027 390 2094 viris
412 2027 572 2110 animique
595 2027 721 2108 cadunt,
744 2026 922 2112 gladiisque
943 2028 1071 2093 remotis

269 2129 348 2194 dant
369 2129 469 2196 soceri
490 2129 616 2213 generis
638 2131 861 2216 accipiuntque
884 2150 996 2195 manus

227 2231 433 2315 laudatasque
457 2239 566 2297 tenent
587 2238 688 2314 natas,
712 2240 863 2316 scutoque
885 2239 1032 2319 nepotem

269 2336 331 2401 fert
352 2356 441 2401 avus.
475 2334 527 2399 hic
548 2336 628 2402 scuti
651 2335 769 2401 dulcior
791 2355 866 2401 usus
889 2342 964 2401 erat.

226 2438 302 2503 inde
323 2438 387 2503 mei
408 2438 525 2524 primas
546 2439 663 2504 mensis
686 2439 846 2504 celebrare
868 2437 1030 2503 Kalendas

271 2539 421 2606 Oebaliae
443 2546 560 2606 matres
582 2561 645 2605 non
668 2542 739 2606 leve
761 2562 876 2607 munus
897 2540 1036 2607 habent?

329 2719 379 2789 13.
402 2725 469 2792 brt
491 2719 542 2791 15.
564 2721 675 2804 muts.
705 2721 777 2805 aab
798 2726 854 2791 bct
875 2722 977 2791 baua
999 2721 1160 2804 bateaco.

227 2848 337 2914 Idibus
359 2855 407 2914 est
429 2848 542 2914 Annae
563 2848 679 2914 festum
701 2849 826 2934 geniale
847 2850 1019 2929 Perennae,

271 2950 356 3015 haud
378 2952 485 3034 procul
507 2971 527 3015 a
548 2951 634 3035 ripis,
657 2950 783 3017 advena
804 2951 935 3035 Thybri,
959 2952 1030 3017 tuis.

228 3054 319 3138 plebs
340 3054 429 3119 venit
449 3073 488 3118 ac
509 3052 625 3120 virides
647 3055 765 3138 passim
789 3053 921 3119 disiecta
942 3075 998 3139 per
1020 3054 1136 3120 herbas

271 3160 368 3241 potat,
392 3162 423 3221 et
443 3157 601 3222 accumbit
624 3176 694 3221 cum
716 3177 792 3240 pare
814 3157 945 3240 quisque
968 3176 1033 3221 sua.

229 3260 287 3325 sub
309 3259 386 3324 Iove
408 3278 481 3343 pars
504 3258 603 3341 durat,
627 3260 719 3342 pauci
741 3259 876 3324 tentoria
897 3264 1032 3344 ponunt;

272 3367 346 3426 sunt
368 3361 480 3444 quibus
503 3380 521 3424 e
542 3362 636 3427 ramis
659 3361 791 3426 frondea
812 3362 897 3426 facta
919 3381 992 3427 casa
1014 3367 1070 3429 est.

230 3483 303 3548 pars
324 3463 380 3528 ubi
401 3484 458 3549 pro
480 3462 591 3546 rigidis
613 3464 750 3529 calamos
773 3470 909 3530 statuere
932 3464 1094 3545 columnis,

274 3564 409 3649 desuper
431 3572 577 3631 extentas
599 3566 775 3650 imposuere
797 3574 896 3650 togas.

231 3667 298 3730 sole
319 3673 426 3732 tamen
449 3668 585 3750 vinoque
608 3668 711 3733 calent
733 3689 895 3753 annosque
918 3676 1094 3753 precantur,
