2934 4117
588 165 612 218 6.
635 161 780 231 litabilior.

165 328 241 401 ‘vox
263 354 334 399 mea
356 334 440 400 facta
460 343 515 400 tua
537 340 593 400 est.
617 334 738 399 utinam
759 335 913 418 promissa
934 336 1041 401 liceret
1211 354 1245 402 oo

167 459 231 503 non
253 437 342 503 dare!
366 438 525 518 confiteor,
549 439 649 503 solum
671 437 732 502 boc
754 438 822 519 tibi,
844 445 928 520 nate,
951 458 1110 522 negarem.

167 540 350 606 dissuadere
371 541 454 606 licet.
478 561 540 607 non
565 547 613 607 est
634 548 689 605 tua
710 546 779 605 tuta
801 542 955 606 voluntas.

167 665 285 728 magna
306 645 397 729 petis,
420 644 595 727 Phaethon,
619 652 651 710 et
673 664 755 728 quae
777 665 836 709 nec
859 645 978 711 viribus
1001 645 1070 710 istis

167 768 300 813 munera
322 748 512 813 conveniant
534 754 680 814 nectam
702 748 876 832 puerilibus
897 749 999 814 annis.

168 871 235 917 sors
258 857 312 915 tua
333 850 483 932 mortalis,
505 871 569 916 non
592 858 640 916 θεῖ
661 853 802 931 mortale,
826 851 909 934 quod
932 858 1030 935 optas.

167 956 239 1039 plus
262 954 365 1037 etiam,
390 975 484 1037 quam
506 954 591 1037 quod
612 955 734 1038 superis
756 955 939 1038 contingere
961 956 1010 1019 fas
1032 961 1090 1036 est,

169 1058 294 1122 nescius
315 1056 467 1122 adfectas.
490 1058 615 1141 placeat
637 1058 697 1123 sibi
721 1057 853 1140 quisque
875 1057 992 1138 licebit,

168 1181 233 1225 non
255 1166 360 1224 tamen
383 1159 518 1242 ignifero
541 1160 705 1242 quisquam
727 1160 898 1225 consistere
920 1160 952 1224 in
975 1180 1037 1225 axe

169 1283 221 1328 me
243 1263 329 1328 valet
351 1267 494 1348 excepto.
519 1263 601 1327 vasti
623 1282 748 1346 quoque
770 1267 870 1327 rector
892 1262 1029 1347 Olympi,

171 1366 224 1449 qui
246 1365 314 1430 iera
335 1364 467 1428 terribili
490 1365 642 1429 iaculatur
664 1365 798 1430 fulmina
819 1365 941 1446 dextra,

170 1490 234 1533 non
255 1474 330 1552 agat
351 1466 410 1532 bos
432 1487 552 1533 currus:
576 1474 608 1532 et
630 1468 706 1550 quid
727 1468 804 1534 Iove
826 1467 927 1533 maius
949 1468 1124 1534 babemus?

170 1570 271 1636 ardua
291 1570 393 1654 prima
415 1570 468 1635 via
490 1577 538 1636 est
560 1577 592 1635 et
614 1591 677 1653 qua
696 1570 754 1635 vix
776 1591 871 1635 mane
893 1578 1036 1636 recentes

172 1675 332 1740 enituntur
354 1674 441 1759 equi;
463 1672 567 1739 medio
590 1679 637 1739 est
658 1673 813 1739 altissima
835 1674 936 1758 eaelo;

171 1776 256 1842 unde
276 1796 364 1841 mare
387 1782 418 1841 et
439 1782 539 1841 terras
561 1776 622 1860 ipsi
643 1776 720 1841 mihi
743 1795 838 1860 saepe
861 1776 969 1842 videre

173 1880 208 1944 fit
229 1880 322 1943 timor
345 1885 377 1943 ct
398 1877 517 1963 pavida
538 1878 675 1963 trepidat
696 1878 864 1944 formidine
886 1887 1010 1963 pectus3

171 1984 282 2048 ultima
302 2001 403 2066 prona
423 1983 486 2074 ria
499 1987 547 2047 est
569 1987 601 2046 θῖ
623 1988 696 2065 eget
715 1980 930 2047 moderamine
952 1989 1050 2047 certo:

172 2094 248 2151 tunc
270 2086 374 2166 etiam,
398 2104 478 2170 quae
500 2105 551 2150 me
573 2084 723 2151 subiectis
745 2085 864 2168 excipit
885 2085 987 2166 undis,

173 2211 214 2255 ne
236 2189 319 2254 ferar
340 2188 373 2252 in
396 2208 557 2273 praeceps,
580 2187 703 2272 Tethys
724 2188 804 2253 solet
825 2189 895 2272 ipsa
916 2188 1025 2254 vereri.

173 2292 256 2358 addo
280 2291 362 2374 quod
383 2289 518 2357 adsidua
537 2290 660 2375 rapitur
681 2291 838 2375 vertigine
860 2292 982 2357 caelum

174 2396 340 2477 eidemque
362 2396 427 2459 alta
449 2394 545 2459 trahit
567 2395 723 2476 celerique
745 2394 904 2459 volumine
927 2400 1057 2477 torquet.

174 2500 256 2564 nitor
276 2499 311 2562 in
331 2496 510 2578 adversum,
532 2517 592 2562 nec
613 2517 673 2579 me,
697 2498 751 2580 qui
773 2504 887 2577 cetera,
908 2498 1006 2562 vincit

174 2605 320 2687 impetus,
344 2607 375 2665 et
396 2600 506 2684 rapido
529 2601 702 2666 contrarius
724 2599 840 2666 evehor
862 2601 939 2665 orbi.

175 2706 260 2790 finge
282 2704 373 2769 datos
395 2724 518 2770 currus:
541 2703 617 2787 quid
639 2704 739 2787 ages?
761 2703 919 2788 poterisne
941 2704 1050 2769 rotatis

175 2810 288 2875 obvius
308 2809 354 2872 ire
376 2808 466 2892 polis,
489 2828 530 2872 ne
552 2814 584 2872 te
607 2807 686 2873 citus
708 2807 831 2872 auferat
851 2807 944 2872 axis?

175 2913 307 2978 forsitan
330 2917 362 2977 et
382 2912 470 2977 lucos
490 2910 555 2976 illio
575 2910 730 2993 urbesque
754 2910 882 2976 deorum

177 3015 337 3099 concipias
358 3014 464 3079 animo
486 3013 683 3096 delubraque
701 3013 780 3077 ditia
801 3012 892 3078 donis

178 3119 268 3184 esse?
291 3137 347 3201 per
369 3115 501 3181 insidias
521 3117 581 3181 iter
603 3122 651 3181 est
672 3117 852 3199 formasque
874 3115 1019 3180 ferarum.

177 3229 274 3304 utque
295 3221 380 3285 viam
402 3226 513 3285 teneas
534 3218 681 3301 nulloque
704 3238 807 3283 errore
830 3218 972 3299 traharis,

176 3346 234 3410 per
255 3330 361 3389 tamen
383 3323 508 3388 adversi
528 3322 681 3406 gradieris
703 3343 820 3387 cornua
840 3323 936 3386 Tauri
986 3313 988 3316 ’

177 3427 431 3509 Haemoniosque
453 3444 544 3490 arcus
566 3426 759 3506 violentique
781 3445 836 3490 ora
856 3425 972 3490 Leonis

177 3549 337 3611 saevaque
359 3527 489 3593 circuitu
511 3534 694 3593 curvantem
716 3527 864 3592 bracchia
884 3528 978 3610 longo

178 3632 329 3716 Scorpion
351 3638 447 3714 atque
469 3630 559 3695 aliter
580 3637 761 3695 curvantem
783 3629 932 3694 bracchia
955 3630 1118 3695 Cancrum.

177 3755 238 3800 nec
259 3734 317 3799 tibi
340 3732 559 3816 quadrupedes
581 3732 738 3797 animosos
760 3732 886 3815 ignibus
908 3732 977 3814 illis,
