2934 4117
542 170 583 223 32.
601 166 774 236 ttuttoqorot.
1111 150 1171 214 105

183 342 252 407 Nee
273 340 395 424 speeies
417 360 475 405 sua
497 339 609 422 euique
630 347 747 420 manet,
770 359 935 422 rerumque
957 339 1103 405 novatrix

143 463 183 509 ex
204 444 274 509 aliis
295 444 374 507 alias
396 448 522 527 reparat
542 447 655 512 natura
675 441 804 526 figuras,

142 566 201 612 neo
222 547 303 631 perit
324 546 358 610 in
379 552 446 610 toto
469 544 647 629 quiequam,
670 545 748 609 mihi
770 544 898 627 eredite,
921 543 1048 625 mundo,
1186 564 1236 613 reo

142 647 199 714 sed
220 649 322 713 variat
343 648 521 731 faciemque
543 653 648 713 novat.
693 647 844 730 nascique
866 653 996 713 voeetur

142 752 280 836 incipere
302 770 372 816 esse
393 750 490 831 aliud,
514 770 608 833 quam
632 749 715 832 quod
736 748 797 815 fuit
818 756 903 831 ante,
926 749 1076 832 morique,

142 853 285 920 desinere
307 853 383 920 illud
405 853 499 919 idem.
545 874 616 920 eum
638 854 702 920 sint
723 852 786 918 hue
807 854 939 920 forsitan
961 854 1025 934 illa,
1067 882 1076 921 ς

144 958 221 1023 haee
243 959 396 1023 translata
418 958 501 1037 illue,
524 977 647 1022 summa
670 963 779 1022 tamen
801 956 908 1022 omnia
930 962 1083 1022 constant.

143 1061 187 1124 nil
209 1060 355 1143 equidem
377 1060 490 1125 durare
512 1058 567 1124 diu
589 1060 648 1124 sub
670 1060 811 1143 imagine
833 1059 944 1124 eudem

144 1163 337 1229 crediderim.
383 1164 428 1230 sie
449 1163 491 1228 ad
513 1163 629 1229 ferrum
652 1163 784 1230 venistis
805 1165 846 1229 eb
868 1184 954 1245 auro,

144 1268 278 1348 sueonia,
300 1268 346 1332 sie
368 1267 482 1332 totiens
504 1287 598 1332 versa
619 1274 668 1333 est
689 1266 816 1332 fortuna
838 1267 983 1332 loeorum.

144 1369 210 1436 vidi
232 1389 301 1454 ego,
324 1368 407 1452 quod
428 1369 531 1434 fuerat
553 1368 712 1452 quendem
734 1369 924 1437 solidissima
945 1370 1046 1451 tellus,

145 1492 213 1538 esse
234 1471 358 1554 fretum,
381 1471 448 1537 ridi
469 1471 570 1538 factas
592 1492 633 1538 ex
655 1491 791 1555 aequore
813 1479 926 1556 terras;

145 1583 176 1641 et
196 1576 304 1659 proeul
325 1595 345 1639 a
366 1576 478 1659 pelago
501 1574 640 1640 eonehee
661 1575 787 1640 iacuere
809 1575 958 1657 marinae,

144 1684 288 1743 etvetus
309 1678 439 1743 inventa
461 1684 509 1743 est
529 1677 564 1742 in
586 1678 745 1743 montibus
766 1698 882 1743 enoora
904 1678 1047 1761 summis3

145 1780 289 1864 quodque
311 1780 372 1845 fuit
394 1801 533 1866 campus,
557 1781 672 1846 vellem
694 1779 844 1848 deoursus
866 1801 1018 1863 aquarum

144 1884 229 1965 feeit,
252 1890 284 1949 et
307 1884 409 1949 eluvie
431 1903 522 1950 mons
545 1889 593 1949 est
614 1883 769 1950 deduetus
790 1883 824 1949 in
845 1904 975 1967 aequor3

144 2006 225 2069 eque
245 1985 400 2070 paludosa
420 1986 512 2053 sieeis
533 1986 647 2052 humus
668 1993 737 2052 aret
758 1986 894 2068 harenis,

145 2109 288 2172 quaeque
309 2090 394 2155 sitim
415 2091 561 2171 tulerant,
582 2097 729 2174 stagnata
750 2088 918 2175 paludibus
941 2097 1057 2156 ument.

144 2193 197 2257 hie
216 2192 321 2259 fontes
343 2200 456 2258 natura
476 2213 576 2260 novos
598 2192 711 2274 emisit,
733 2199 768 2259 at
788 2193 853 2258 illie

145 2295 265 2377 elausit,
290 2302 320 2360 et
342 2302 397 2360 aut
417 2294 490 2362 imis
512 2303 667 2362 eommota
689 2296 876 2362 tremoribus
898 2295 983 2362 orbis

144 2398 275 2463 flumine
296 2398 461 2482 prosiliunt
482 2405 537 2463 eut
560 2398 720 2464 exsiecato
742 2397 893 2465 residunt.

187 2500 320 2565 Desinet
340 2506 415 2565 ante
438 2500 506 2566 dies
528 2501 615 2567 etin
636 2503 701 2567 alto
724 2502 871 2568 Phoebus
892 2501 1025 2567 anhelos

144 2623 280 2686 aequore
302 2602 426 2686 tinguet
448 2624 554 2687 equos,
578 2624 673 2688 quem
695 2624 869 2688 eonsequer
890 2606 996 2670 omnia
1017 2605 1122 2672 verbis
1190 2621 1239 2669 rso

144 2707 179 2771 in
200 2706 323 2790 speeies
345 2706 497 2772 translata
518 2728 627 2774 novas.
672 2708 717 2773 sio
740 2709 846 2774 emnia
866 2707 947 2773 verti

146 2808 303 2873 cernimus
324 2816 420 2891 etque
441 2809 512 2874 illas
532 2809 700 2876 adsumere
721 2812 835 2876 robora
854 2816 976 2894 gentes,

145 2909 310 2976 eonoidere
332 2911 399 2977 has.
444 2910 491 2977 sie
511 2932 629 2996 magna
650 2913 709 2977 fuit
732 2932 891 2996 eensuque
912 2912 1051 2995 virisque

145 3032 264 3098 perque
286 3012 397 3078 deoem
419 3014 520 3098 potuit
541 3021 664 3079 tantum
687 3015 763 3081 dare
785 3015 948 3097 sanguinis
970 3035 1081 3098 anuos,

145 3135 231 3181 nune
252 3115 378 3181 humilis
400 3123 524 3183 veteres
545 3117 762 3184 tantummodo
784 3117 879 3184 Troia
899 3117 1007 3184 ruinas
1190 3135 1238 3183 ras

145 3224 179 3283 et
199 3238 256 3302 pro
278 3218 397 3284 divitiis
419 3220 554 3287 tumulos
576 3219 713 3286 ostendit
734 3240 873 3286 avorum.
1123 3230 1126 3235 '

144 3340 231 3386 nune
253 3341 376 3405 quoque
398 3322 591 3388 Dardaniam
613 3323 698 3388 fama
721 3329 769 3389 est
791 3343 980 3407 oonsurgere
1000 3325 1143 3404 Romam,

145 3423 432 3509 Appenninigenae
455 3445 537 3509 quae
558 3426 703 3511 proxime
723 3425 895 3510 Thybridis
917 3424 1012 3492 undis
1071 3436 1075 3441 “

144 3525 229 3592 mole
251 3525 309 3591 sub
331 3527 453 3611 ingenti
474 3546 578 3592 rerum
600 3528 788 3594 fundamine
808 3529 906 3613 ponit.

144 3627 227 3695 haee
247 3628 343 3713 igitur
363 3629 497 3696 formam
520 3630 688 3696 oreseendo
710 3638 813 3698 mutat
835 3639 866 3698 et
887 3631 962 3696 olim
1193 3650 1242 3699 190

144 3731 293 3798 immensi
315 3733 417 3818 eaput*
430 3733 515 3800 orbis
538 3734 606 3799 erit.
651 3734 698 3799 sie
720 3736 827 3802 dioere
848 3739 939 3802 vetes
