2934 4117
486 227 510 279 5.
535 223 677 279 deucalion
697 225 750 278 aut
767 223 878 292 aturrus

167 397 230 461 iam
252 416 401 462 revocare
424 394 505 461 dato.
552 417 631 460 cava
653 396 769 461 bucina
791 396 923 461 sumitur
944 397 999 478 illi,

167 499 344 582 tortilis,'in
366 499 464 563 latum
488 519 568 581 quae
589 499 714 565 turbine
737 500 848 565 crescit
870 500 910 565 ab
933 500 1006 581 imo,

169 603 292 684 bucina,
315 623 397 686 quae
419 601 521 668 medic
544 604 687 687 concepit
708 604 763 669 nbi
785 612 860 668 ae'ra
881 610 986 688 ponto,
1210 622 1244 669 as

167 706 258 771 litora
279 727 359 771 voce
380 705 480 791 replet
502 709 559 772 sub
582 713 714 789 utruque
736 707 873 771 iacentia
894 707 1029 772 Phoebo.

166 816 242 874 tunc
265 829 398 892 quoque,
419 817 454 874 ut
476 830 531 875 ora
553 810 605 875 dei
627 809 755 875 madida
775 810 912 876 rorantia
933 810 1033 875 barba

168 913 300 997 contigit
322 920 354 978 et
376 913 490 978 cecinit
511 914 613 980 iussos
634 913 745 978 indata
765 920 918 997 receptus,

167 1016 312 1082 omnibus
334 1015 443 1081 audita
466 1023 513 1081 est
535 1016 654 1081 telluris
677 1022 708 1081 et
730 1017 874 1099 aequoris
895 1015 998 1098 undis,

168 1126 200 1185 et
223 1119 337 1202 quibus
360 1127 408 1185 est
429 1118 523 1185 undis
545 1118 663 1201 audita,
687 1120 823 1184 coercuit
845 1139 962 1185 omnes.
1212 1137 1245 1185 so

167 1224 231 1287 iam
252 1243 339 1287 mare
360 1222 434 1288 litus
456 1222 561 1303 habet,
584 1223 694 1307 plenos
717 1224 801 1307 capit
822 1224 931 1287 alveus
952 1241 1072 1304 amnes,

167 1325 298 1390 flumina
319 1325 487 1392 subsidunt
509 1326 666 1408 collesque
689 1324 776 1391 exire
798 1325 954 1407 videntur,

167 1429 267 1512 surgit
288 1428 411 1509 humus,
435 1432 579 1493 crescunt
600 1428 669 1493 luca
691 1427 944 1493 decrescentibus
965 1428 1066 1493 undis.

168 1538 301 1615 postque
323 1531 408 1596 diem
428 1531 556 1615 longam
578 1531 697 1596 nudata
719 1532 884 1596 cacumina
905 1532 1004 1597 silvae

168 1632 340 1699 ostendunt
361 1634 532 1717 limumque
554 1641 664 1699 tenent
686 1635 719 1698 in
741 1634 853 1700 fronde
874 1635 1027 1699 relictum.
1211 1652 1245 1699 eo

210 1736 365 1801 Redditus
386 1737 471 1802 orbis
494 1745 570 1801 erat.
616 1757 709 1819 quem
731 1744 897 1821 postquam
919 1736 999 1802 vidit
1020 1737 1146 1801 inanem

168 1847 200 1905 et
222 1839 377 1905 desolatas
398 1860 493 1924 agere
515 1841 581 1904 alta
603 1840 727 1905 silentia
748 1847 856 1921 terras,
996 1851 998 1855 “

168 1942 342 2007 Deucalion
363 1943 499 2007 lacrimis
521 1943 567 2006 ita
587 1943 743 2026 Pyrrham
765 1943 890 2007 adfatur
912 1943 1042 2009 obortis:

167 2038 198 2110 ‘o
220 2065 315 2126 soror,
338 2066 356 2110 o
379 2045 527 2126 coniunx,
550 2066 569 2110 o
590 2045 709 2110 femina
731 2045 799 2111 sola
820 2053 986 2130 superstes,

169 2169 262 2231 quam
286 2168 451 2214 commune
472 2149 550 2212 mihi
572 2168 674 2233 genus
696 2156 727 2213 et
749 2149 898 2233 patruelis
920 2150 1016 2234 origo,
1211 2166 1245 2214 to

168 2251 284 2317 deinde
305 2258 391 2317 torus
412 2252 525 2333 iunxit,
549 2272 633 2317 nunc
654 2253 724 2336 ipsa
746 2252 885 2336 pericula
905 2254 1054 2334 iungunt:

167 2362 330 2436 terrarum,
354 2374 566 2437 quascumque
588 2355 699 2420 vident
720 2375 850 2421 occasus
873 2362 904 2420 et
926 2362 1021 2436 ortus,

167 2478 225 2523 nos
247 2457 309 2522 duc
332 2460 423 2523 turba
445 2479 565 2544 sumus;
589 2457 728 2543 possedit
751 2465 854 2524 cetera
876 2464 999 2543 pontus.

167 2561 247 2625 haec
269 2582 393 2644 quoque
414 2561 518 2626 adhuc
540 2562 625 2626 vitae
647 2582 710 2626 nun
734 2570 782 2627 est
803 2562 919 2626 fiducia
941 2567 1066 2626 nostrae

168 2671 254 2729 certa
276 2665 366 2729 satis:
389 2671 508 2729 terrent
530 2666 624 2729 etiam
648 2686 731 2729 nunc
753 2665 863 2731 nubila
884 2671 1030 2729 mentem.
1211 2682 1245 2729 45

168 2768 239 2850 quis
261 2767 328 2848 tibi,
352 2767 379 2832 si
401 2769 470 2833 sine
492 2790 542 2833 me
565 2768 640 2833 satis
662 2775 771 2852 erepta
792 2769 916 2849 fuisses,

157 2891 252 2962 nunc
274 2869 408 2953 animus,
431 2871 619 2954 miseranda,
642 2871 747 2936 foret?
771 2891 831 2953 quo
854 2872 920 2936 sola
941 2869 1084 2936 timorem

166 2974 249 3039 ferre
270 2973 365 3038 modo
387 2975 517 3058 posses?
541 2996 602 3058 quo
625 2976 805 3070 consulante
827 2974 970 3039 doleres?

166 3097 304 3160 namque
327 3098 396 3161 ege,
420 3078 512 3143 crede
534 3078 621 3160 mihi,
645 3078 726 3143 site
750 3099 872 3161 quoquc
895 3084 1009 3162 pontus
1030 3076 1170 3157 haberet,

167 3186 199 3245 te
221 3200 378 3264 sequerer,
403 3182 550 3264 coniunx,
574 3188 606 3246 et
627 3202 678 3246 me
700 3201 824 3264 quoque
846 3189 960 3266 pontus
982 3181 1120 3245 haberet.
1211 3195 1245 3244 50

166 3304 185 3348 ο
208 3283 329 3348 utinam
351 3305 477 3369 possem
498 3286 630 3370 populos
650 3305 798 3370 reparare
820 3286 959 3368 paternis
1018 3319 1021 3324 ·

165 3388 288 3453 artibus
309 3394 405 3470 atque
427 3389 549 3454 animas
570 3389 723 3453 formatae
746 3387 913 3453 infundere
935 3388 1049 3451 terrae!

165 3509 252 3554 nunc
273 3510 375 3573 genus
397 3491 430 3555 in
452 3492 543 3557 nobis
565 3498 662 3557 restat
683 3491 814 3555 mortale
837 3490 957 3555 duobus
980 3526 1022 3535 -

165 3592 213 3657 sic
234 3594 339 3658 visum
361 3595 482 3678 superis
503 3633 546 3642 -
567 3593 791 3675 hominumque
814 3593 961 3677 exempla
982 3584 1166 3656 manemus'

209 3697 354 3778 Dixerat,
378 3703 410 3761 et
430 3696 558 3763 flebant.
604 3698 721 3781 placuit
745 3697 879 3761 caeleste
901 3695 1022 3780 precari
1211 3713 1245 3761 55

148 3793 285 3863 'numen
310 3806 342 3863 et
363 3800 515 3864 auxilium
537 3821 594 3885 per
616 3819 721 3864 sacras
744 3818 893 3882 quaerere
915 3804 1023 3863 sortes.
