2934 4117
377 187 418 244 28.
437 184 491 242 ber
509 185 593 244 &tacit
611 201 656 243 uua
675 186 712 243 bie
730 185 830 257 Quian
849 187 893 244 bat
910 187 1022 259 abibat.
1176 171 1215 236 37

189 364 221 423 et
242 366 366 425 vestrae
386 359 514 439 valuere
535 379 653 445 preees.
688 359 715 425 si
738 361 887 442 quaeritis
909 362 1000 427 burins
1052 380 1056 385 ’
1234 383 1282 430 roo

189 460 343 528 fortunam
365 483 502 548 pugnae,
525 483 589 530 non
611 483 680 529 sum
703 471 868 548 superatus
890 464 930 530 ab
954 466 1015 532 illo.

189 585 263 633 eene
283 566 390 633 ferunt
410 568 509 634 Troes
531 567 710 650 senumque
732 567 885 654 ignesque
907 569 1077 651 Iovemque

188 669 220 735 in
243 670 372 736 Danaas
394 671 520 737 classes.
544 670 599 736 ubi
621 691 706 737 nuno
727 671 883 739 taoundus
906 672 1038 739 Ulixes?

189 793 303 858 nempe
324 794 384 859 ego
406 774 492 840 mille
514 793 585 840 meo
607 774 732 859 protexi
754 781 881 860 peetore
901 795 1034 860 puppes,

189 896 277 961 spem
298 877 396 944 vestri
418 876 546 942 reditus.
586 876 659 942 date
681 883 728 942 tot
749 878 964 963 pronavibus
985 880 1086 943 arma!
1234 899 1282 948 uro

189 978 273 1062 quod
294 980 322 1046 si
344 1000 420 1047 vera
441 980 514 1047 lieet
536 980 615 1045 mihi
635 980 751 1062 disere,
774 982 934 1064 quaeritur
955 980 1034 1063 istis,

189 1103 283 1165 quam
305 1083 391 1166 mihi,
413 1083 514 1149 maior
536 1083 646 1165 honos,
670 1085 898 1166 coniunctaque
919 1083 1019 1168 gloria
1038 1090 1144 1149 nostra
1159 1089 1216 1165 est,

188 1192 283 1269 atque
304 1187 388 1252 Aiax
409 1186 514 1271 armis,
537 1206 600 1253 non
625 1187 714 1253 Aiaoi
736 1207 825 1252 arma
846 1194 1002 1272 petuntur.

190 1289 330 1356 eonferat
350 1290 401 1357 bie
422 1289 550 1356 Ithacus
571 1289 711 1355 Rhesum
733 1291 955 1374 imbellemque
977 1290 1100 1355 Dolona

188 1393 429 1478 Priamidenque
450 1395 606 1460 Helenum
629 1400 720 1480 rapta
742 1415 813 1459 oum
836 1393 964 1460 Pallade
986 1400 1126 1478 raptum:
1232 1416 1281 1464 nro

187 1496 258 1564 luae
279 1496 358 1563 nihil
379 1504 513 1582 gestum,
535 1497 614 1562 nihil
637 1504 685 1563 est
706 1497 860 1563 Diomede
882 1504 1009 1563 remoto.

188 1601 215 1664 si
237 1600 335 1666 semel
355 1600 417 1665 ista
440 1599 522 1665 datis
545 1600 664 1666 meritis
687 1606 751 1665 tam
774 1600 889 1666 vilibus
911 1620 1008 1681 arma,

189 1701 330 1785 dividite,
353 1709 385 1768 ot
406 1723 480 1786 pars
502 1702 544 1767 sit
565 1703 665 1768 maior
686 1702 850 1768 Diomedis
872 1703 905 1767 in
927 1702 997 1768 illis.

232 1804 301 1883 Quo
323 1811 429 1871 tamen
452 1805 532 1870 liaeo
553 1805 672 1888 lthaeo,
695 1806 749 1889 qui
765 1807 854 1887 olarn,
879 1806 932 1888 qui
951 1825 1075 1890 semper
1089 1805 1217 1871 inermis

189 1928 254 1973 rem
275 1909 357 1992 gerit
379 1915 411 1972 et
431 1907 522 1974 furtis
544 1909 705 1973 incautum
727 1907 845 1992 desipit
867 1907 1011 1974 hostem?
1232 1931 1282 1981 120

189 2011 257 2096 ipse
279 2011 361 2076 nitor
381 2012 493 2095 galeae
515 2012 598 2077 olaro
619 2010 772 2076 radiantis
794 2012 835 2076 ab
857 2030 934 2077 auro

189 2112 320 2180 insidias
343 2113 454 2198 prodet
475 2114 753 2197 manifestabitque
775 2114 934 2181 latentem.

189 2216 245 2283 sed
267 2236 370 2300 neque
392 2216 555 2283 Dulichius
577 2218 636 2283 sub
657 2217 788 2283 Achillis
811 2216 933 2284 masida
955 2223 1067 2283 vertex

189 2320 329 2405 pondera
350 2327 439 2385 tanta
461 2320 550 2403 feret,
573 2341 634 2385 nee
654 2341 718 2386 non
741 2340 873 2386 onerosa
894 2322 1062 2405 gravisque

188 2423 292 2489 Pelias
315 2423 405 2488 hasta
428 2429 531 2508 potest
551 2424 731 2490 imbellibus
755 2444 825 2491 esse
846 2424 981 2504 lacertis,
1233 2446 1281 2494 rao
1408 2518 1411 2525 Ι

188 2544 249 2592 nee
270 2525 388 2610 clipeus
410 2527 492 2592 vasti
513 2527 652 2592 caelatus
674 2527 813 2611 imagine
834 2525 945 2592 mundi

190 2628 355 2694 eonveniet
376 2628 506 2696 timidae
527 2636 684 2712 nataeque
705 2629 748 2696 ad
770 2630 854 2695 furta
876 2630 1029 2696 sinistrae.

189 2731 422 2797 debilitaturum
444 2730 519 2815 quid
541 2738 573 2797 te
594 2732 686 2817 petis,
708 2733 860 2817 improbe,
883 2732 1018 2798 munus?

189 2834 273 2918 quod
294 2834 352 2900 tibi
373 2834 400 2900 si
422 2834 529 2920 populi
552 2833 717 2901 donaverit
739 2855 824 2901 error
844 2835 967 2917 Aehivi,

189 2958 244 3004 our
266 2938 417 3023 spolieris,
441 2939 508 3020 erit,
531 2958 595 3004 non
617 2958 672 3004 eur
694 2938 844 3004 metuaris
866 2938 907 3002 ab
930 2937 1034 3022 hoste;
1232 2959 1282 3007 rao

189 3047 221 3107 et
242 3040 328 3125 fuga,
352 3060 414 3122 qua
435 3041 501 3105 sola
523 3047 661 3122 onustos,
685 3039 892 3120 timidissime,
915 3040 1026 3121 vineis,

189 3141 280 3208 tarda
300 3142 406 3208 futura
427 3142 484 3208 tibi
507 3149 555 3209 est
575 3143 754 3226 gestamina
776 3148 865 3207 tanta
886 3141 1032 3208 trahenti.

188 3244 281 3327 adde,
304 3243 388 3328 quod
409 3245 469 3310 iste
491 3251 572 3326 tuus,
595 3251 659 3310 tarn
682 3265 753 3310 raro
775 3245 893 3330 proelia
915 3263 1037 3329 passus,

188 3348 312 3431 integer
334 3355 381 3414 est
404 3347 531 3432 clipeus.
565 3355 681 3429 nostro,
705 3347 759 3431 qui
781 3348 845 3413 tela
866 3346 997 3412 ferendo

189 3451 274 3516 mille
294 3456 382 3535 patet
402 3450 516 3534 plagis,
538 3469 639 3516 novus
663 3457 711 3515 est
733 3468 894 3516 successor
916 3448 1090 3513 habendus.
1235 3471 1282 3519 rao

190 3552 334 3636 denique,
358 3551 434 3635 quid
456 3553 562 3619 verbis
583 3572 662 3639 opus
684 3552 755 3618 est?
778 3559 955 3636 speetemnr
976 3550 1113 3635 agendol

188 3677 277 3721 arma
298 3656 358 3722 viri
379 3655 469 3722 fortis
489 3655 611 3722 medios
632 3656 796 3722 mittantur
817 3656 851 3719 in
873 3655 992 3720 hostes:

189 3758 264 3824 inde
285 3759 391 3824 iubete
412 3759 476 3843 peti
500 3766 531 3824 et
553 3758 741 3827 referentem
764 3764 872 3823 ornate
895 3751 1021 3822 relatis.³
