2934 4117
488 164 512 216 e.
534 128 703 227 0000000
720 159 764 214 ses
780 158 899 226 mauras.

181 341 214 399 at
235 354 298 399 non
320 333 464 400 Alcithoe
485 333 642 416 Minyeias
663 332 753 414 orgia
774 337 881 397 censet

182 437 367 521 accipienda
388 437 450 517 dei,
473 437 530 502 sed
551 436 655 501 adhuc
677 436 845 510 temeraria
866 434 1025 499 Bacchum

182 541 363 626 progeniem
385 548 482 623 negat
502 560 574 606 esse
594 540 680 605 Iovis
702 540 865 621 sociasque
887 557 1006 604 sorores
1243 555 1259 602 s

183 644 353 728 impietatis
375 643 480 707 habet.
505 642 621 708 festum
644 642 803 707 celebrare
825 640 971 707 sacerdos

182 748 400 827 immunesque
422 765 551 831 operum
574 744 708 809 famulas
731 745 935 826 dominasque
958 763 1083 808 suorum

183 855 311 934 pectora
332 850 415 934 pelle
436 848 512 933 tegi,
537 848 670 914 crinales
692 848 815 913 solvere
836 847 942 927 vittas,

184 958 268 1016 serta
290 972 389 1032 coma,
412 952 559 1016 manibus
581 949 765 1015 frondentes
788 969 911 1015 sumere
934 949 1060 1033 thyrsos

183 1055 316 1118 iusserat
338 1060 370 1119 et
391 1073 519 1119 saevam
542 1053 618 1118 laesi
640 1053 708 1117 fore
730 1051 868 1117 numinis
889 1053 968 1117 ham
1230 1069 1261 1116 10

183 1156 372 1220 vaticinatus
395 1161 470 1219 erat.
494 1161 607 1239 parent
629 1161 808 1236 matresque
829 1174 988 1237 nurusque

98 1323 100 1328 .
184 1259 325 1340 telasque
348 1257 549 1339 calathosque
571 1258 751 1339 infectaque
772 1277 872 1342 pensa
893 1264 1049 1342 reponunt

184 1369 316 1443 turaque
329 1360 406 1424 dant
413 1360 635 1443 Bacchumque
646 1360 989 1442 vocantBromiumque
996 1360 1214 1443 Lyaeumque3

184 1462 310 1527 additur
332 1462 381 1527 his
403 1463 531 1546 Nyseus
553 1462 799 1545 indetonsusque
820 1463 1001 1546 Thyoneus,

185 1565 412 1649 Nycteliusque
433 1565 619 1648 Eleleusque
640 1586 756 1649 parens
778 1573 810 1630 et
830 1564 963 1630 Iacchus
986 1572 1017 1629 et
1038 1562 1149 1628 Euhan
1232 1581 1261 1629 15

187 1674 218 1734 et
241 1687 322 1751 quae
343 1675 508 1752 praeterea
529 1687 586 1752 per
608 1668 720 1733 Graias
742 1668 877 1752 plurima
897 1674 1010 1751 gentes

187 1770 324 1850 nomina,
344 1769 448 1850 Liber,
469 1769 577 1835 habes.
601 1770 659 1835 tibi
679 1771 764 1835 enim
778 1771 998 1854 inconsumpta
1012 1771 1143 1835 iuuenta
1157 1775 1214 1850 est,

187 1880 220 1937 tu
243 1893 321 1958 puer
343 1879 500 1954 aeternus,
523 1878 557 1937 tu
579 1872 822 1939 formosissimus
842 1874 906 1939 alto

188 1974 378 2059 conspiceris
402 1976 499 2055 caelo,
522 1975 588 2057 tibi,
612 1996 683 2040 oum
705 1976 774 2041 sine
796 1977 943 2042 cornibus
964 1976 1082 2056 adstas,

188 2079 365 2162 virgineum
388 2084 483 2162 caput
505 2085 561 2144 est.
585 2079 687 2144 oriens
709 2079 767 2145 tibi
790 2079 891 2144 victus
912 2079 1054 2161 adusque

190 2182 314 2246 decolor
336 2188 477 2246 extremo
500 2201 561 2265 qua
583 2182 714 2266 tingitur
736 2182 830 2252 India
852 2183 978 2267 Gange3

189 2284 332 2349 Penthea
353 2291 397 2366 tu,
420 2283 610 2365 venerande,
633 2285 928 2369 bipenniferumque
949 2287 1131 2369 Lycurgum

190 2388 358 2472 sacrilegos
379 2394 500 2453 mactas
522 2387 751 2471 Tyrrhenaque
772 2388 871 2453 mittis
892 2388 926 2452 in
948 2407 1065 2470 aequor

190 2511 327 2575 corpora,
350 2497 385 2555 tu
407 2491 549 2574 biiugum
571 2491 664 2575 pictis
686 2491 824 2574 insignia
845 2491 942 2557 irenis

191 2594 271 2658 colla
293 2595 409 2678 premis
431 2595 573 2678 lyncum,
597 2592 743 2658 Bacchae
765 2593 934 2676 Satyrique
957 2601 1137 2675 sequuntur,

191 2697 306 2778 quique
329 2716 428 2788 senex
450 2696 551 2764 ferula
573 2696 745 2762 titubantes
767 2696 872 2762 ebrius
893 2704 979 2761 artus

191 2800 325 2864 sustinet
347 2806 379 2864 et
400 2799 505 2883 pando
528 2819 590 2863 non
613 2799 735 2863 fortiter
757 2798 865 2863 haeret
886 2800 991 2864 asello.

191 2921 386 2984 quacumque
407 2902 590 2985 ingrederis,
615 2902 729 2967 clamor
751 2902 904 2968 iuvenalis
926 2909 957 2966 et
979 2923 1043 2967 runa

191 3004 347 3068 femineae
369 3023 462 3068 voces
485 3004 682 3088 impulsaque
705 3011 858 3088 tympana
880 3004 993 3086 palmis

192 3126 393 3189 concavaque
414 3126 489 3170 aera
511 3114 625 3172 sonant
647 3108 802 3189 longoque
826 3107 978 3171 foramine
1000 3109 1113 3171 buxus.

235 3202 392 3273 ‘Placatus
414 3206 570 3291 mitisque'
593 3216 706 3291 rogant
728 3209 903 3275 Ismenides
925 3202 1045 3274 ‘adsisl'

192 3312 340 3394 iussaque
362 3331 452 3376 sacra
474 3314 588 3377 colunt.
612 3312 697 3377 solae
718 3312 896 3396 Minyeides
917 3312 1002 3378 intus

191 3414 415 3499 intempestiva
436 3415 598 3480 turbantes
622 3415 704 3479 festa
724 3414 867 3479 Minerva

192 3523 247 3580 aut
269 3516 388 3581 ducunt
410 3516 509 3597 lanas,
532 3524 587 3582 aut
610 3518 745 3582 stamina
767 3517 878 3601 pollice
900 3523 1036 3596 versant,

192 3627 247 3683 aut
269 3620 401 3683 haerent
423 3621 505 3684 telae
528 3621 725 3702 famulasque
747 3621 906 3685 laboribus
929 3627 1072 3702 urguent,
1233 3635 1266 3682 30

194 3736 347 3805 tympana
368 3741 439 3785 cum
463 3723 565 3787 subito
588 3744 651 3787 non
674 3724 860 3807 apparentia
881 3723 984 3788 raucis
