2934 4117
267 130 306 194 18
336 205 345 218 N
530 199 535 210 ,
664 146 894 217 merumvastem.

264 321 484 405 Parnasusque
505 320 615 404 biceps
638 327 670 385 et
690 321 780 404 Eryx
804 327 835 384 et
858 321 1003 403 Cynthus
1026 327 1058 386 et
1080 321 1198 404 Othrys
1309 340 1360 387 220

265 430 297 488 01
318 423 448 489 tandem
469 424 598 489 nivibus
619 422 772 507 Rhodope
795 425 931 488 caritura
952 424 1125 507 Mimasque

264 526 489 611 Dindymaque
512 535 543 592 et
565 527 689 610 Mycale
710 532 866 608 natusque
888 526 930 591 ad
953 547 1042 593 sacra
1064 527 1241 592 Cithaeron.

264 650 324 696 neo
345 638 475 715 prosunt
497 630 648 714 Scythiae
670 649 727 696 sua
749 630 879 713 frigora:
904 631 1064 696 Caucasus
1085 630 1183 711 ardet,

265 733 407 817 Ossaque
429 755 500 799 eum
522 733 623 799 Pindo
645 733 805 815 maiorque
828 734 981 798 ambobus
1003 732 1156 817 Olympus

264 838 431 920 a'e'riaeque
454 838 551 922 Alpes
574 845 605 902 et
627 837 754 903 nubifer
774 837 991 920 Appenninus.
1310 853 1361 901 225

127 945 139 980 ‘·
264 946 332 1005 turn
353 961 429 1006 vero
451 941 617 1005 Phaethon
640 939 760 1004 cunctis
783 959 800 1004 0
823 940 965 1023 partibus
987 940 1095 1004 orbern

264 1042 399 1127 adspicit
420 1064 588 1108 accensum
611 1063 670 1107 000
693 1049 797 1107 tantos
819 1042 951 1106 sustinet
973 1049 1088 1123 aestus,

265 1145 487 1229 ferventesque
509 1166 602 1211 auras
624 1147 711 1211 velut
734 1166 752 1211 e
774 1146 902 1210 fornace
923 1144 1079 1228 profunda

265 1268 318 1314 ore
340 1250 437 1315 trahit
459 1269 628 1331 currusque
651 1269 724 1315 suos
747 1247 937 1313 candescere
959 1248 1068 1332 sentit3

266 1358 298 1416 et
319 1372 422 1435 neque
443 1353 507 1417 iam
530 1352 651 1417 cineres
675 1352 902 1433 eiectatamque
924 1351 1065 1415 favillam
1310 1369 1363 1415 230

266 1456 348 1521 ferre
369 1462 473 1541 potest
496 1454 658 1538 calidoque
680 1455 850 1519 involvitur
872 1454 1011 1536 undique
1033 1455 1133 1539 lum03

266 1579 389 1641 quoque
412 1566 473 1641 eat,
496 1566 551 1623 aut
573 1559 628 1624 ubi
651 1560 700 1640 sit,
723 1559 815 1642 picea
838 1558 972 1640 caligine
994 1564 1095 1623 tectus

266 1664 375 1745 nescit,
400 1669 431 1728 et
452 1663 580 1729 arbitrio
603 1664 764 1727 volucrum
786 1668 928 1745 raptatur
951 1681 1110 1742 equorum.

266 1768 420 1848 sanguine
442 1773 508 1831 tum
532 1766 662 1831 credunt
684 1767 717 1830 in
741 1785 870 1849 corpora
892 1785 1013 1829 summa
1035 1771 1146 1830 vocato

266 1869 456 1953 Aethiopum
478 1869 609 1954 populos
631 1869 755 1953 nigrum
778 1869 913 1933 traxisse
936 1870 1078 1933 colorem.
1311 1883 1363 1931 235

266 1979 332 2036 turn
355 1974 440 2037 facta
462 1979 510 2038 est
531 1973 634 2055 Libye
656 1974 755 2056 raptis
777 1972 936 2037 umoribus
958 1978 1047 2036 aestu

267 2076 365 2156 arida,
389 2083 455 2140 tum
477 2076 647 2159 Nymphae
669 2076 772 2161 passis
794 2075 959 2157 fontesque
981 2074 1130 2157 lacusque

267 2178 423 2244 deflevere
447 2180 557 2244 comis:
581 2179 703 2262 quaerit
725 2179 855 2243 Boeotia
877 2179 1003 2259 Dircen,

266 2282 368 2366 Argos
389 2283 599 2365 Amymonen,
622 2282 750 2366 Ephyre
771 2282 936 2346 Pirenidas
958 2281 1068 2346 undas.

266 2406 325 2450 000
347 2387 456 2451 sortita
477 2387 546 2451 1000
568 2386 721 2451 distantes
742 2386 873 2450 flumina
895 2387 980 2470 ripas

265 2495 334 2553 tuta
354 2495 497 2554 manent:
520 2489 632 2554 mediis
654 2489 772 2554 Tanais
794 2490 932 2566 fumavit,
949 2490 981 2552 10
1004 2488 1107 2570 undis,

267 2590 412 2673 quodque
434 2612 490 2657 suo
512 2593 619 2675 'Pagus
640 2612 734 2657 amne
756 2592 853 2673 vehit,
876 2591 944 2656 fluit
966 2593 1101 2674 ignibus,
1125 2612 1244 2672 aurum,

266 2702 298 2759 et
320 2714 401 2777 quae
423 2687 584 2760 Maeonias
606 2695 809 2760 celebrabant
832 2696 969 2761 carmine
991 2696 1076 2779 ripas

265 2796 434 2863 flumineae
456 2799 607 2879 volucres,
631 2798 734 2862 medio
758 2800 879 2863 caluere
903 2799 1045 2881 Caystro.

265 2901 357 2966 Nilus
378 2901 412 2965 10
435 2907 610 2966 extremum
633 2901 714 2984 fugit
737 2900 919 2985 perterritus
941 2904 1047 2967 orbem
1221 2928 1224 2937 ·
1312 2922 1363 2969 245

266 3004 463 3087 occuluitque
486 3012 589 3088 caput,
614 3003 697 3087 quod
719 3003 824 3068 adhuc
845 3005 936 3088 latet;
960 3005 1040 3068 ostia
1062 3012 1182 3089 septem

266 3108 485 3191 pulverulenta
507 3113 632 3188 vacant,
656 3113 776 3190 septem
799 3107 868 3172 sine
889 3106 1018 3172 flumine
1040 3109 1147 3172 valles.

266 3211 330 3275 fors
352 3210 462 3275 eadem
485 3210 632 3275 Ismarios
655 3211 796 3275 Hebrum
820 3230 890 3275 curn
912 3212 1081 3294 Strymone
1104 3211 1200 3275 siccat

266 3314 497 3398 Hesperiosque
519 3334 638 3396 amnes,
663 3314 808 3378 erenum
830 3313 1081 3396 Rhodanumque
1103 3313 1297 3396 Padumque,

267 3418 378 3498 cuique
400 3416 459 3480 fuit
482 3438 585 3481 rerum
607 3417 761 3502 promissa
783 3418 932 3501 potentia,
955 3416 1108 3500 Thybrin.
1312 3437 1365 3484 250

308 3518 430 3583 Dissilit
452 3539 544 3583 omne
566 3520 674 3600 solum,
698 3526 904 3603 penetratque
927 3521 959 3583 in
981 3521 1114 3583 Tartara
1135 3519 1222 3584 rimis

267 3621 372 3685 lumen
396 3628 427 3685 et
449 3620 607 3685 infernum
625 3619 723 3686 100·οῒ
747 3643 818 3687 oum
842 3623 974 3706 coniuge
997 3642 1111 3706 regern.

267 3730 298 3787 et
320 3743 406 3787 mare
430 3724 630 3806 contrahitur,
655 3725 819 3806 siccaeque
843 3732 890 3790 est
913 3744 1042 3808 campus
1064 3725 1212 3805 harenae,
