2934 4117
279 213 338 278 178
541 230 655 300 crepent
675 230 723 285 IV.
744 229 829 297 dritta
848 239 905 285 ocur
924 229 1035 296 nortus

343 506 413 582 IV.
451 508 545 586 tiro
581 508 658 585 bro
693 505 886 603 dietrico
921 523 1014 585 com
1049 507 1238 606 protus.

616 744 646 817 1.
669 749 699 816 d
724 747 796 830 [tna
817 745 963 829 maturati

677 859 734 940 (aa
756 858 904 938 diutinus.)

274 1021 365 1086 Hanc
386 1020 444 1088 tibi
466 1022 553 1087 Naso
575 1027 647 1086 tuus
669 1019 776 1100 mittit,
800 1020 923 1102 Rufino,
947 1021 1093 1086 salutem:

317 1122 371 1207 qni
393 1123 487 1189 miser
510 1130 566 1204 est,
589 1122 645 1188 ulli
666 1123 694 1188 si
716 1142 792 1188 suus
815 1143 884 1189 esse
906 1130 1017 1207 potest.

273 1225 398 1293 reddita
420 1227 569 1292 confusae
591 1246 691 1311 nuper
712 1224 830 1291 solacia
852 1226 949 1291 menti

317 1330 469 1396 auxilium
492 1330 606 1395 nostris
628 1349 781 1414 spemque
803 1330 902 1395 tulere
924 1329 1023 1395 malis.

274 1440 370 1518 utque
392 1431 585 1499 Machaoniis
606 1432 777 1498 Poeantius
799 1431 919 1498 artibus
941 1432 1033 1498 heros

316 1537 413 1603 lenito
435 1536 591 1601 medicam
613 1537 744 1602 vulnere
767 1535 867 1601 sensit
887 1555 988 1621 opem,

274 1641 320 1707 sic
342 1661 401 1726 ego
423 1647 529 1706 mente
550 1640 658 1706 iacens
681 1647 712 1704 et
733 1641 848 1705 acerbo
872 1639 996 1705 saucius
1017 1640 1081 1705 ictu

317 1743 479 1809 admonitu
501 1745 589 1828 coepi
613 1744 720 1808 fortior
743 1762 813 1808 esse
835 1749 903 1808 tuo:

275 1855 306 1912 ct
328 1849 390 1912 iarn
414 1846 563 1912 deficiens
585 1848 631 1912 sic
651 1846 694 1912 ad
716 1853 772 1912 tua
792 1848 891 1912 verba
912 1846 1024 1937 revini²

317 1957 352 2016 ut
373 1952 452 2017 solet
473 1950 577 2015 infuso
600 1970 683 2015 vena
705 1949 808 2015 redire
829 1971 923 2015 mero.

274 2075 338 2118 non
360 2060 473 2118 tamonv
489 2053 633 2118 exhibuit
654 2059 760 2118 tantas
782 2053 931 2117 facundia
952 2054 1045 2136 vires,

317 2163 353 2221 ut
374 2176 445 2220 mea
467 2155 530 2220 sint
551 2154 644 2221 dictis
665 2163 794 2239 pectora
816 2175 894 2221 sana
916 2157 986 2221 tuis.

275 2265 309 2324 ut
331 2260 462 2324 multum
484 2258 593 2323 demas
616 2266 742 2323 nostrae
763 2256 804 2323 de
826 2260 951 2343 gurgite
973 2278 1075 2341 curae,

317 2382 380 2428 non
404 2362 506 2426 minus
529 2360 694 2444 exhausto,
717 2361 801 2445 quod
823 2363 993 2447 superabit,
1017 2362 1084 2427 erit.

275 2473 415 2549 tempore
437 2462 568 2529 ducetur
588 2464 682 2548 longo
704 2463 837 2530 fortasse
859 2464 1003 2530 cicatrix:

318 2568 444 2633 horrent
465 2564 609 2632 admotas
630 2568 762 2633 vulnera
784 2567 881 2633 cruda
903 2587 1022 2633 manus.

275 2692 338 2736 non
362 2670 464 2736 estin
487 2669 608 2736 medico
631 2689 765 2754 semper,
788 2670 944 2736 relevetur
966 2678 1001 2735 ut
1022 2691 1130 2754 aeger:

318 2773 475 2838 interdum
497 2772 590 2839 docta
611 2773 682 2857 plus
703 2774 789 2839 valet
809 2780 877 2838 arte
899 2774 1024 2840 malurn.

276 2877 387 2958 cornis,
409 2882 445 2942 ut
466 2895 485 2942 e
507 2876 593 2941 molli
615 2877 745 2961 sanguis
767 2877 915 2960 pulmone
937 2878 1085 2942 remissus

212 2982 215 2987 ’
318 2979 360 3045 ad
383 2978 512 3065 Stygias
534 2985 618 3045 certo
639 2979 739 3044 limite
761 2979 855 3045 ducat
876 3000 983 3062 aquas.

275 3083 399 3150 adserat
421 3082 489 3167 ipse
502 3083 584 3158 ‚licet
607 3102 712 3148 sacras
733 3082 923 3167 Epidaurius
946 3083 1069 3166 herbas,

319 3185 444 3253 sanabit
466 3187 552 3251 nulla
574 3185 706 3252 vulnera
728 3184 830 3251 cordis
853 3206 921 3268 ope.

276 3291 384 3357 tollere
407 3287 557 3355 nodosam
579 3288 681 3355 nescit
703 3287 861 3354 medicina
883 3288 1066 3373 podagram,

318 3413 378 3458 nec
399 3391 574 3458 formidatis
596 3391 767 3456 auxiliatur
787 3392 885 3475 aquis.

276 3517 351 3561 cura
373 3515 497 3578 quoque
518 3493 675 3560 interdum
699 3494 785 3559 nulla
806 3494 1003 3561 medicabilis
1024 3503 1090 3561 arte
1114 3503 1175 3563 ests

319 3603 383 3679 aut,
405 3603 441 3661 ut
462 3597 512 3680 sit,
535 3598 630 3681 longa
653 3604 700 3662 est
722 3596 925 3662 extenuanda
946 3618 1042 3662 mora.

277 3719 347 3763 cum
370 3702 452 3764 benc
473 3698 637 3763 firmarunt
659 3699 798 3764 animum
821 3707 991 3785 praecepta
1012 3701 1166 3766 iacentem

321 3806 507 3884 sumptaque
529 3810 602 3865 sunt
624 3801 715 3868 nobis
738 3803 872 3888 pectoris
894 3825 982 3868 arma
1004 3804 1059 3884 tui,
