2934 4117
283 133 341 197 138
473 158 487 166 ·
653 148 765 219 blesiso:
785 149 820 204 ΙΙ,
840 148 938 217 {teitau

321 323 445 388 moenia
465 321 646 407 respiciens,
669 320 762 386 dulce
783 322 896 388 sororis
918 342 1004 407 opus.

278 427 389 492 fertilis
412 432 460 493 est
481 427 587 492 Melite
609 425 706 492 sterili
728 423 834 490 vicina
856 425 996 509 Cosyrae

321 529 432 611 insula,
457 549 551 612 quam
573 528 688 613 Libyci
709 528 855 593 verberat
876 527 962 593 unda
984 528 1065 595 freti.

279 633 361 698 hanc
381 632 462 718 petit
482 632 619 717 hospitio
641 631 725 717 regis
748 631 867 697 conlisa
888 638 1021 698 vetusto.

319 736 435 821 hospes
456 756 551 820 opum
574 734 664 802 dives
686 755 745 800 rex
766 735 811 800 ibi
832 736 945 800 Battus
967 741 1042 800 erat.

228 922 230 925 v
279 838 332 922 qui
353 845 518 923 postquam
541 838 651 902 didicit
673 858 764 903 casus
786 838 948 920 utriusque
970 837 1091 920 sororis,

320 934 420 1006 ‘haec’
442 940 544 1025 inquit
566 935 669 1006 ‘tellus
691 941 978 1024 quantulacumque
999 946 1054 1005 tua
1076 936 1144 1006 est'

279 1055 311 1109 et
332 1051 437 1108 tamen
460 1044 587 1128 hospitii
608 1050 765 1110 servasset
786 1043 829 1108 ad
849 1043 959 1108 ultima
979 1043 1107 1108 munus!

322 1147 378 1212 sed
400 1147 503 1212 timuit
522 1167 654 1230 magnas
675 1145 893 1230 Pygmalionis
914 1166 999 1231 opes.

279 1250 371 1333 signa
392 1256 592 1315 recensuerat
613 1249 663 1315 his
685 1249 731 1314 sol
754 1269 825 1334 sua3
849 1249 959 1314 tertius
981 1250 1048 1314 ibat

321 1372 434 1434 annus,
457 1359 490 1418 et
511 1353 623 1418 exsilio
644 1360 727 1418 terra
748 1351 891 1438 paranda
912 1372 996 1418 nova
1017 1358 1074 1418 est.

280 1455 376 1520 frater
397 1455 489 1520 adest
511 1456 654 1539 belloque
676 1457 764 1540 petit.
799 1475 858 1521 rex
880 1476 968 1520 arma
989 1475 1119 1541 perosus

323 1552 391 1624 ‘nos
414 1578 520 1625 sumus
542 1559 693 1640 imbelles,
717 1565 752 1623 tu
774 1560 849 1643 fuge
871 1554 1006 1643 sospesl'
1028 1558 1081 1623 ait.

193 1710 195 1712 -
281 1661 365 1727 iussa
387 1661 469 1746 surgit
490 1668 648 1744 ventoque
669 1667 769 1726 ratem
792 1662 956 1727 committit
978 1668 1010 1726 et
1030 1660 1137 1726 undis:

323 1765 464 1850 asperior
485 1765 596 1849 quovis
618 1784 755 1848 aequore
777 1765 874 1830 frater
896 1771 972 1829 erat.

281 1874 330 1934 est
350 1888 449 1953 prope
470 1868 609 1953 piscosos
630 1868 765 1953 lapidosi
788 1866 944 1934 Crathidis
966 1888 1076 1934 amnes

324 1992 440 2056 parvus
462 1992 552 2055 ager:
576 1972 730 2038 Cameren
753 1970 856 2037 incola
877 1972 970 2036 turha
991 1976 1091 2037 vocat.

281 2074 354 2140 illuc
377 2094 484 2140 cursus
508 2080 588 2160 erat3
612 2095 671 2139 neo
693 2075 817 2158 longius
840 2075 920 2139 afuit
941 2073 1025 2157 inde,

325 2198 419 2259 quam
443 2184 593 2260 quantum
615 2179 726 2243 novies
748 2178 871 2243 mittere
893 2177 993 2242 funda
1014 2183 1126 2262 potest.

282 2281 353 2346 vela
374 2279 491 2346 cadunt
513 2282 613 2365 primo
635 2288 668 2347 et
689 2281 787 2347 dubia
807 2281 961 2346 librantur
982 2281 1022 2346 ab
1045 2301 1130 2345 aura.

324 2378 445 2449 ‘findite
467 2379 610 2468 remigio'
631 2383 742 2449 navita
764 2383 846 2448 dixit
868 2378 1003 2466 ‘aquosi'

282 2486 419 2570 dumque
441 2494 554 2572 parant
575 2494 655 2553 torto
677 2487 853 2554 subducere
875 2488 1006 2553 carbasa
1026 2487 1099 2569 lino,

324 2591 495 2675 percutitur
516 2589 626 2675 rapido
648 2591 764 2676 puppis
786 2590 911 2656 adunca
932 2598 1006 2655 noto

282 2694 376 2777 inque
398 2700 510 2779 patens
532 2714 648 2777 aequor
669 2694 786 2759 frustra
806 2700 969 2779 pugnante
990 2693 1140 2776 magistro

324 2797 430 2879 fertur,
454 2803 486 2861 et
508 2817 549 2862 ex
571 2797 669 2862 oculis
691 2797 762 2862 visa
783 2796 899 2881 refugit
920 2797 1043 2861 humus.

281 2899 430 2965 adsiliunt
452 2899 575 2981 fluctus,
597 2900 723 2982 imoque
745 2921 766 2964 a
786 2900 911 2984 gurgite
933 2906 1047 2983 pontus

325 3004 464 3086 vertitur,
489 3010 520 3070 et
543 3024 639 3070 canas
660 3005 770 3069 alveus
791 3003 895 3068 haurit
917 3023 1024 3085 aquas.

283 3108 417 3172 vincitur
438 3128 489 3172 ars
511 3109 615 3190 vento,
639 3127 699 3173 nec
720 3109 784 3172 iam
806 3106 983 3173 moderator
1004 3106 1137 3172 habenis

325 3213 434 3276 utitur:
457 3232 477 3275 a
499 3212 580 3277 votis
603 3212 714 3293 disque
737 3211 873 3295 reposcit
894 3231 995 3294 opem.

283 3315 416 3379 iactatur
437 3314 574 3380 tumidas
597 3315 689 3379 exsul
710 3315 885 3379 Phoenissa
906 3335 964 3398 per
984 3312 1087 3378 undas

325 3415 495 3498 umidaque
517 3418 661 3502 opposita
682 3417 803 3481 lumina
823 3423 912 3481 veste
935 3416 1022 3498 tegit.

283 3526 358 3584 tunc
377 3518 513 3604 primum
534 3519 617 3584 Dido
640 3519 717 3584 felix
741 3525 789 3585 est
811 3518 896 3584 dicta
918 3519 1013 3584 sorori

326 3627 358 3685 et
380 3640 595 3703 quaecumque
617 3623 754 3704 aliquam
775 3642 903 3707 corpore
924 3621 1039 3707 pressit
1060 3622 1199 3686 humum.
1259 3645 1269 3669 r

283 3723 389 3808 figitur
409 3722 452 3788 ad
472 3725 614 3789 Laurens
635 3725 757 3809 ingenti
779 3725 905 3790 flamine
927 3725 1001 3792 litus
