2934 4117
485 180 525 233 18.
543 176 677 247 liburnus
695 184 749 233 uuo
767 177 875 236 bourie.

167 354 241 413 ante
262 346 347 413 volat
369 348 537 432 comitique
558 350 658 432 timet,
680 352 767 417 velut
788 352 864 434 ales,
887 354 927 418 ab
950 353 1013 420 alto

168 470 248 532 quae
269 456 410 516 teneram
430 451 550 535 prolem
570 452 721 537 produxit
741 453 775 519 in
796 461 871 520 ae'ra
892 453 978 538 nido,

103 590 106 597 ·
168 553 368 636 hortaturque
390 554 479 636 sequi
501 554 731 639 damnosasque
754 556 857 622 erudit
877 564 962 624 artes

167 661 200 721 et
220 662 325 721 movet
346 656 415 741 ipse
438 676 511 722 suas
534 664 566 723 et
587 659 654 723 nati
674 660 803 743 respicit
824 661 898 726 alas.

167 759 225 825 hos
245 760 367 844 aliquis,
391 760 524 826 tremula
545 760 621 826 dum
643 769 750 847 captat
771 762 948 830 harundine
970 765 1083 850 pisces,

166 869 222 927 aut
242 869 348 946 pastor
369 864 481 929 baculo
503 864 625 930 stivave
646 865 776 932 innixus
797 873 902 933 arator

167 965 246 1031 vidit
268 972 301 1031 et
321 967 482 1051 obstipuit,
505 967 621 1052 quique
642 969 772 1034 aethera
795 989 923 1054 carpere
945 978 1082 1056 possent,

168 1068 300 1134 credidit
322 1089 392 1136 esse
414 1070 499 1136 deos.
545 1077 577 1137 et
598 1071 662 1137 iam
684 1072 818 1138 Iunonia
838 1073 931 1139 laeva

166 1178 256 1256 parte
278 1173 397 1256 Samos,
414 1211 455 1221 —
470 1174 596 1239 fuerant
616 1175 774 1259 Delosque
796 1177 955 1260 Parosque
976 1178 1102 1243 relictae
1117 1217 1160 1226 —

138 1274 141 1285 ’
168 1274 281 1340 dextra
302 1276 477 1343 Lebinthos
499 1284 566 1342 erat
588 1277 787 1361 fecundaque
808 1280 900 1345 melle
923 1280 1087 1364 Calymne,
1209 1303 1243 1351 40

168 1398 240 1443 cum
261 1399 339 1463 puer
360 1379 473 1445 audaci
495 1380 598 1466 coepit
619 1380 759 1464 gaudere
780 1382 887 1449 volatu

168 1480 366 1564 deseruitque
390 1482 501 1548 ducem
524 1483 665 1566 caelique
686 1484 835 1569 cupidine
857 1491 975 1552 tractus

167 1584 261 1650 altius
283 1585 348 1669 egit
368 1586 437 1652 iter.
481 1585 584 1671 rapidi
606 1587 725 1653 vicinia
746 1587 821 1654 solis

168 1688 267 1753 mollit
287 1687 442 1770 odoratas,
465 1709 640 1774 pennarum
662 1691 799 1773 vincula,
822 1712 918 1758 ceras.

167 1791 335 1856 tabuerant
356 1811 460 1877 cerae;
483 1792 585 1859 nudos
607 1794 708 1876 quatit
728 1794 782 1859 ille
804 1796 937 1861 lacertos
1209 1814 1243 1863 rc

167 1894 360 1979 remigioque
382 1915 493 1961 carens
513 1916 577 1962 non
599 1897 679 1962 ullas
700 1898 834 1982 percipit
855 1918 958 1979 auras,

169 2015 285 2078 oraque
306 1998 449 2062 caerulea
470 1998 606 2083 patrium
629 1999 797 2064 clamantia
818 2019 932 2065 nomen

169 2100 368 2184 excipiuntur
388 2120 485 2184 aqua:
508 2121 588 2185 quae
610 2122 724 2185 nornen
746 2103 844 2168 traxit
864 2104 905 2168 ab
927 2104 989 2169 illo.

169 2208 202 2266 at
224 2210 313 2287 pater
335 2204 457 2286 infelix,
480 2224 540 2270 nec
561 2206 625 2270 iarn
647 2211 747 2291 pater,
770 2199 890 2288 ‘Ioare',
913 2205 1004 2286 dixit,

170 2299 290 2387 ‘Icare,'
313 2305 394 2372 dixit
415 2300 481 2373 ‘ubi
504 2308 560 2374 es?
582 2328 645 2392 qua
665 2316 699 2375 te
719 2310 849 2393 regione
870 2305 1058 2392 requiram?
1211 2327 1244 2374 50

169 2401 280 2474 ‘lcare‘
302 2409 441 2476 dicebat:
463 2430 587 2494 pennas
607 2411 757 2495 adspexit
777 2412 812 2477 in
833 2411 927 2477 undis

171 2509 360 2594 devovitque
382 2532 456 2579 suas
477 2521 560 2579 artes
583 2533 758 2598 corpusque
780 2513 923 2599 sepulcro

171 2612 320 2680 condidit.
365 2621 398 2681 et
419 2616 511 2682 tellus
532 2636 553 2681 a
574 2617 702 2682 nomine
723 2616 809 2681 dicta
830 2615 953 2700 sepulti.

440 2795 494 2867 lu.
516 2798 687 2881 portemur
708 2802 775 2866 aab
798 2798 934 2867 bourie.

215 2923 317 2991 Crede
337 2924 428 2990 mihi:
452 2926 605 2990 immensa
628 2932 675 2991 est
697 2925 857 3007 finemque
877 2924 1019 3010 potentia
1042 2923 1119 2988 caeli

172 3026 363 3108 nonhabet,
387 3034 419 3093 et
441 3028 589 3111 quicquid
611 3029 715 3113 superi
738 3029 873 3110 voluere,
896 3033 1057 3111 peractum
1080 3033 1135 3092 est.

172 3147 296 3211 quoque
317 3129 420 3195 minus
442 3129 577 3211 dubites,
600 3131 686 3196 tihae
709 3132 902 3196 contermina
925 3148 1057 3213 quercus

172 3231 302 3298 collibus
324 3237 372 3297 est
392 3232 550 3317 Phrygiis,
573 3232 695 3298 modico
718 3232 910 3298 circumdata
931 3251 1028 3296 muro.

172 3332 257 3398 haud
278 3336 386 3419 procul
407 3335 482 3400 hinc
503 3341 649 3420 stagnum
673 3341 729 3418 est,
752 3337 844 3400 tellus
866 3334 1046 3401 habitabilis
1067 3332 1150 3397 olim.
1230 3355 1247 3404 c

172 3455 257 3500 nunc
278 3438 416 3504 celebres
438 3439 554 3522 mergis
576 3438 740 3521 fulicisque
762 3438 953 3523 palustribus
974 3434 1088 3501 undae.

172 3539 312 3624 Iuppiter
334 3538 395 3605 huc
416 3542 522 3625 specie
542 3542 666 3606 mortali
688 3560 821 3624 cumque
843 3544 973 3626 parente

172 3641 261 3706 venit
281 3641 478 3708 Atlantiades
500 3643 611 3727 positis
633 3643 791 3708 caducifer
812 3644 879 3709 alis.

173 3743 258 3807 mille
281 3743 390 3810 domos
411 3745 519 3810 adiere
541 3747 642 3810 lucum
665 3746 868 3829 requiemque
890 3749 1049 3828 petentes,
