2934 4117
254 135 296 198 48
652 150 887 218 dictorumpboleu.

255 326 332 405 leina
354 323 482 409 ffioqieitet
505 324 630 409 quottqe
651 325 783 406 pebuielp
805 340 864 388 nour
879 325 958 388 dicite
980 324 1056 406 bord)
1078 324 1118 388 sin
1133 325 1283 403 conrupta

255 419 361 501 gelant.

297 530 493 596 Haemoniae
514 534 631 596 matres
652 549 709 614 pro
730 529 837 614 gnatis
859 528 942 595 dona
963 530 1097 614 receptis

254 632 491 718 grandaevique
513 633 619 698 ferunt
639 638 745 717 patres
767 640 977 716 congestaque
999 631 1126 696 flamma

254 742 325 801 tura
346 737 560 819 liquefaciunt,
582 734 775 819 inductaque
796 735 942 801 cornibus
964 755 1074 801 aurum

254 839 384 905 victima
405 846 480 905 vota
502 838 595 904 cadit.
640 837 698 905 sed
718 840 810 904 abest
831 839 1028 921 gratantibus
1049 840 1164 920 Aeson,

210 953 212 957 ‘
253 942 317 1007 iam
339 942 465 1027 propior
486 943 550 1009 leto
571 941 737 1026 fessusque
759 942 911 1008 senilibus
932 942 1033 1008 annis.
1315 964 1330 1010 s

254 1066 326 1112 eum
348 1046 393 1112 sic
414 1045 603 1112 Aesonides:
626 1039 655 1112 ‘o
678 1045 729 1111 cui
750 1045 867 1113 debere
888 1047 1021 1111 salntem

254 1150 412 1232 confiteor,
436 1150 583 1232 coniunx,
608 1169 798 1232 quamquam
820 1147 898 1213 mihi
920 1156 1034 1215 cuncta
1056 1148 1169 1214 dedisti

254 1254 453 1337 excessitque
474 1252 570 1319 fidem
592 1254 774 1319 meritorum
796 1273 918 1319 summa
940 1259 1072 1334 tuorum,

254 1358 280 1423 si
292 1364 398 1423 tamen
409 1357 469 1423 hoc
476 1364 617 1442 possunt,
629 1357 757 1440 -quid
765 1357 849 1423 enim
858 1378 922 1423 non
930 1357 1070 1422 carmina
1078 1358 1231 1442 possunt?
1244 1395 1282 1405 -

254 1460 345 1525 deme
367 1461 446 1527 meis
467 1461 560 1527 annis
582 1466 615 1526 et
636 1459 780 1546 demptos
801 1459 885 1526 adde
907 1455 1051 1544 parenti.²
1299 1478 1329 1525 10

253 1584 313 1629 nec
334 1564 436 1629 tenuit
457 1564 612 1630 lcorimas.
657 1570 742 1628 mota
764 1569 812 1629 est
833 1563 952 1648 pietate
973 1564 1123 1648 rogantis,

253 1666 498 1750 dissimilemque
518 1667 658 1733 animum
681 1667 778 1733 subiit
798 1667 899 1732 Aeeta
919 1667 1053 1732 relictus.

252 1789 313 1835 nec
333 1775 441 1835 tamen
462 1769 607 1836 adfectus
629 1770 708 1835 tales
730 1768 877 1836 confessa
898 1762 1004 1852 ‘quod'
1024 1769 1128 1852 inquit

253 1866 384 1938 ‘excidit
404 1893 457 1939 ore
479 1879 543 1958 tuo,
567 1873 715 1955 coniunx,
738 1873 862 1939 scelus?
885 1893 960 1957 ergo
982 1893 1041 1958 ego
1064 1873 1209 1956 cuiquam

253 1996 345 2061 posse
367 1982 440 2042 tuae
462 1976 571 2043 videor
593 1977 730 2062 spatium
752 1977 960 2043 transcribere
983 1978 1090 2042 vitae?
1296 1997 1327 2043 ro

253 2100 312 2145 nec
333 2080 417 2145 sinat
438 2079 498 2146 hoc
519 2081 649 2162 Hecate,
672 2101 732 2147 nec
754 2088 788 2146 tn
810 2081 892 2165 petis
913 2101 1024 2164 aequa.
1069 2079 1126 2146 sed
1147 2081 1217 2161 isto,

253 2183 337 2266 quod
358 2184 450 2269 petis,
473 2184 619 2269 experiar
640 2184 743 2251 maius
765 2184 841 2250 dare
863 2188 985 2266 munus,
1008 2187 1111 2251 lason.

251 2296 320 2354 arte
341 2308 413 2354 mea
435 2289 534 2354 soceri
555 2288 684 2373 longum
706 2289 929 2374 temptabimus
950 2309 1074 2369 aevum,

252 2412 315 2457 non
337 2391 430 2457 annis
451 2411 603 2458 renovare
625 2393 700 2458 tuis:
723 2391 816 2460 modo
839 2392 914 2456 diva
935 2392 1083 2457 triformis
1273 2471 1277 2480 ’

251 2494 380 2561 adiuvet
402 2502 434 2561 et
455 2513 607 2580 praesens
627 2495 811 2579 ingentibus
831 2494 951 2560 adnuat
972 2492 1078 2560 ausis?
1293 2512 1328 2560 ao

294 2600 373 2664 Tres
393 2599 526 2664 aberant
548 2604 666 2680 noctes,
689 2606 724 2664 ut
746 2619 864 2666 cornua
885 2605 951 2664 tcta
973 2599 1090 2664 coirent

252 2701 475 2784 efficerentque
496 2690 617 2768 orbem.⁴
658 2709 825 2788 postquam
847 2702 1029 2787 plenissima
1050 2702 1137 2767 fulsit

252 2812 285 2869 et
305 2804 405 2870 solida
426 2812 525 2870 terras
547 2807 700 2890 spectavit
721 2806 861 2890 imagine
882 2807 967 2887 luna,

252 2908 410 2993 egreditur
432 2909 524 2974 tectis
545 2917 650 2975 vestes
671 2909 784 2975 induta
805 2909 970 2991 recinctus,

252 3011 337 3076 nuda
358 3011 482 3097 pedem,
504 3011 605 3079 nudos
627 3013 743 3079 umeris
764 3014 870 3079 infusa
891 3015 1030 3099 capillos,

252 3115 375 3199 fertque
397 3135 496 3200 vagos
517 3115 642 3182 mediae
663 3136 720 3201 per
742 3124 830 3182 muta
853 3117 977 3183 silentia
999 3116 1099 3183 noctis

251 3219 433 3284 incomitata
454 3218 580 3304 gradus.
625 3219 769 3286 homines
791 3221 995 3310 volucresque
1017 3221 1162 3302 ferasque

252 3322 388 3387 solverat
408 3323 473 3388 alta
495 3323 597 3406 quies:
620 3325 704 3390 nullo
727 3344 799 3390 cum
820 3344 978 3390 murmure
999 3344 1120 3409 saepes,

251 3426 463 3508 immotaeque
486 3427 578 3492 silent
601 3426 738 3510 frondes,
762 3429 833 3494 silet
854 3427 979 3494 umidus
1001 3435 1069 3512 aitr5

252 3527 356 3594 sidera
377 3530 444 3595 sola
465 3530 591 3597 micant.
636 3530 677 3595 ad
700 3551 782 3614 quae
805 3552 862 3597 sua
883 3531 1031 3598 bracchia
1053 3529 1186 3596 tendens
1293 3543 1329 3591 eo

253 3636 356 3697 tersa
378 3633 542 3715 convertit,
564 3640 612 3699 ter
633 3635 768 3718 sumptis
789 3634 918 3700 flumine
941 3635 1061 3700 crinem

253 3734 395 3800 irroravit
415 3736 508 3819 aquis
530 3738 689 3821 ternisque
711 3741 881 3805 ululatibus
903 3760 957 3804 ora
