2934 4117
252 135 294 200 42
410 221 414 230 ,
644 148 894 218 delectaminum

251 332 285 389 at
307 322 367 389 sibi
389 321 444 387 dat
466 322 610 410 clipeum,
633 321 688 386 dat
710 328 821 388 acutae
843 321 981 406 cuspidis
1002 321 1135 406 hastam,

251 425 307 491 dat
328 426 453 510 galeam
476 425 584 509 capiti;
607 423 787 489 defenditur·
808 423 922 508 aegide
943 431 1062 508 peetus,
1293 446 1326 494 to

251 548 495 615 percussamque
518 547 575 593 sua
597 527 724 593 simulat
745 526 789 593 de'
809 527 938 612 cuspide
960 534 1075 593 terram

253 631 345 699 edere
368 652 439 698 cum
461 632 550 697 bacis
572 630 671 696 fetum
693 631 836 697 canentis
858 631 961 696 olivae

252 736 419 819 mirarique
441 735 531 801 deos:
554 734 658 819 operis
681 734 811 799 victoria
832 734 913 800 finis.

294 838 435 906 Maeonis
458 837 577 904 elusam
599 835 746 920 designat
767 838 907 922 imagine
929 838 1011 903 tauri
1258 924 1260 928 ¹

205 976 207 980 >
251 943 423 1026 Europam;
446 961 556 1007 verum
578 946 710 1022 taurum,
733 941 815 1006 freta
836 961 912 1006 vera
933 947 1069 1025 putares.
1293 963 1327 1011 so

253 1045 322 1128 ipsa
343 1044 511 1111 videbatur
531 1051 631 1109 terras
653 1050 797 1128 spectare
818 1045 944 1111 relictas

253 1154 285 1213 et
307 1147 445 1216 comites,
458 1148 593 1213 clamare
616 1167 690 1213 suas
711 1154 892 1230 tactumque
914 1148 1036 1213 vereriv
1166 1203 1168 1206 ,

251 1250 426 1316 adsilientis
446 1271 548 1333 aquae
571 1248 760 1333 timidasque
782 1250 931 1315 reducere
953 1251 1087 1335 plantas.

254 1354 363 1420 ultima
384 1375 458 1438 pars
480 1354 562 1420 tclae
584 1355 672 1420 tenui
694 1354 888 1419 circumdata
907 1354 1004 1420 limbo

253 1457 410 1522 nexilibus
432 1457 524 1524 flores
545 1456 671 1523 hederis
692 1458 789 1524 habet
810 1458 1005 1523 intertextus.

294 1560 367 1625 Non
389 1559 466 1624 illud
488 1560 601 1640 Palles,
624 1580 688 1625 non
710 1560 788 1625 illud
809 1580 938 1644 carpere
959 1560 1055 1626 Livor

252 1663 351 1748 possit
372 1683 459 1747 opus.
505 1662 603 1728 doluit
625 1683 772 1728 successu
794 1662 878 1729 flava
900 1663 1017 1747 virago,

253 1772 349 1849 utque
372 1766 538 1849 Cytoriaco
560 1765 683 1830 radium
705 1765 746 1831 de
768 1776 874 1832 monte
896 1769 1034 1848 tenebat,

253 1875 300 1935 tor
322 1876 432 1953 quater
453 1870 616 1935 Idmoniae
638 1869 774 1958 ¹frontem
796 1871 950 1955 percussit
971 1870 1142 1937 Arachnes.

252 1993 315 2038 non
337 1972 408 2037 tulit
428 1971 540 2037 infelix
562 1972 738 2055 laqueoque
759 1974 901 2039 animosa
921 1974 1033 2058 ligavit
1293 1995 1327 2042 eo

252 2081 387 2159 guttura.
432 2076 624 2160 pendentem
643 2076 753 2142 Pallas
774 2077 922 2143 miserata
943 2078 1061 2143 levavit

252 2186 347 2262 atque
369 2179 414 2244 ita
435 2173 519 2245 ‘rive
541 2178 679 2262 quidem,
701 2180 806 2264 pende
827 2186 944 2262 tamen,
967 2174 1129 2264 improba',
1153 2179 1243 2260 dixit,

252 2276 378 2365 ‘lexque
401 2281 512 2348 eadem
535 2300 665 2367 poenae,
688 2303 730 2349 ne
751 2284 796 2350 sis
818 2304 927 2350 secura
948 2284 1054 2365 futuri,

252 2384 338 2450 dicta
359 2392 412 2450 tuo
433 2386 543 2469 generi
565 2386 706 2469 serisque
728 2387 895 2471 nepotibus
918 2383 1005 2453 estu’

252 2493 323 2572 post
345 2507 384 2553 ea
405 2486 571 2554 discedens
594 2489 677 2554 sucis
698 2488 888 2555 Hecateidos
910 2490 1026 2557 herbae

253 2592 379 2676 sparsit;
404 2597 436 2656 et
457 2593 616 2675 extemplo
638 2592 719 2658 tristi
740 2593 948 2659 medicamine
969 2601 1072 2660 tactae

253 2693 413 2759 defluxere
436 2713 554 2776 comae,
578 2714 649 2762 cum
672 2696 741 2777 quis
764 2702 796 2760 et
817 2696 902 2762 naris
924 2703 1078 2779 etentes,

252 2796 349 2879 fitque
372 2802 466 2880 caput
487 2797 660 2879 minimum,
684 2804 749 2863 toto
771 2818 895 2881 quoque
918 2819 1045 2883 corpore
1067 2820 1166 2884 parva
1188 2808 1248 2866 est:

252 2900 285 2964 in
307 2899 406 2965 latere
429 2899 528 2965 exiles
550 2899 641 2984 digiti
663 2922 718 2985 pro
741 2902 882 2967 cruribus
905 2902 1045 2985 haerent,

253 3010 357 3068 cetera
378 3009 489 3068 venter
510 3002 620 3069 habet:
644 3004 684 3069 de
706 3025 767 3087 quo
789 3012 896 3071 tamen
918 3006 973 3071 illa
993 3007 1123 3072 remittit
1294 3026 1344 3074 100

252 3112 375 3170 stamen
397 3111 430 3170 et
450 3105 596 3188 antiquas
619 3114 746 3173 exercet
767 3127 885 3175 aranea
906 3109 994 3175 telas.

665 3383 719 3455 14.
750 3387 863 3455 iltuto.

295 3538 418 3620 bromus,
439 3540 491 3601 ciue
509 3538 612 3621 lubildqe
626 3542 778 3622 buuqtcuu,
799 3544 866 3621 butte
885 3543 923 3604 bie
937 3543 1034 3623 titicus
1053 3563 1084 3625 311
1103 3543 1183 3607 ciuem
1197 3544 1279 3609 uoce

253 3632 349 3709 temple
371 3632 400 3694 iu
422 3636 465 3695 beu·
487 3632 634 3713 dicubuit
660 3637 833 3718 augescebat
853 3640 907 3699 uub
930 3652 986 3699 uer
1007 3652 1058 3701 oon
1081 3641 1124 3701 bet
1146 3647 1280 3719 opututta

254 3722 349 3789 (littura
367 3725 396 3788 iu
416 3727 468 3789 ciue
487 3727 595 3808 &piune
613 3731 769 3794 subcubuit
787 3734 899 3794 unroco.
935 3731 989 3795 cu
1007 3730 1102 3797 duabu
1120 3735 1205 3796 bucon
1223 3734 1280 3795 tuor
