2934 4117
251 248 311 310 158
580 259 692 329 (tlegteuz
712 259 762 314 Ill.
782 259 944 329 dloqcliebrr.

248 456 308 502 nec
329 434 446 500 vidisse
468 440 517 499 sat
540 437 600 498 est:
624 431 737 498 durum
759 433 950 499 calcavimus
970 452 1097 518 aequor,
1134 416 1137 428 ⁴
1171 419 1174 425 ⁴

290 536 439 620 undaque
459 557 524 602 non
545 534 608 600 udo
630 537 688 602 sub
711 534 794 621 pede
816 555 938 601 summa
959 535 1026 602 fuit.

249 639 275 707 si
297 641 355 707 tibi
377 639 441 705 tale
462 638 577 704 fretum
601 638 768 721 quondam,
791 638 947 721 Leandre,
969 639 1089 722 fuisset,

291 764 354 810 non
376 743 458 809 foret
479 747 634 826 angustae
656 761 739 808 mors
761 746 816 806 tua
838 741 956 808 crimen
978 763 1089 826 aquae.
1151 752 1154 757 “

249 854 315 913 tum
336 866 440 930 neque
461 865 496 912 se
517 843 615 930 pandi
637 851 769 930 possunt
791 845 957 930 delphines
978 846 1011 911 in
1033 866 1127 912 auras

292 951 412 1016 tollere:
436 955 586 1015 conantes
608 946 688 1014 dura
709 954 832 1014 coercet
853 948 963 1015 hiems.

249 1059 281 1119 et
303 1053 447 1136 quamvis
468 1053 581 1118 boreas
602 1051 727 1116 iactatis
748 1051 874 1117 insonet
894 1051 963 1132 alis,

291 1156 404 1221 fluctus
425 1156 459 1220 in
481 1156 609 1221 obsesso
631 1156 756 1240 gurgite
776 1154 881 1220 nullus
903 1155 962 1219 erit

249 1257 451 1342 inclusaeque
472 1258 546 1342 gelu
569 1258 696 1323 stabunt
717 1264 752 1322 ut
773 1276 931 1323 marmora
950 1276 1082 1342 puppes,

292 1381 352 1428 nec
373 1361 487 1447 poterit
509 1361 628 1446 rigidas
649 1359 771 1426 findere
792 1380 897 1426 remus
919 1379 1027 1443 aquas.

250 1465 385 1531 vidimus
406 1465 439 1530 in
461 1465 564 1549 glacie
585 1464 689 1549 pisces
709 1464 841 1531 haerere
862 1465 985 1548 ligatos,

293 1568 349 1634 sed
371 1589 444 1654 pars
467 1589 509 1634 ex
530 1568 593 1634 illis
614 1572 690 1633 tunc
713 1587 837 1652 quoque
858 1568 934 1633 viva
955 1567 1023 1632 fuit.

249 1672 318 1739 sive
339 1673 434 1757 igitur
455 1672 544 1738 nimii
567 1673 680 1738 boreae
702 1672 752 1738 vis
774 1691 870 1738 saeva
891 1672 1029 1736 marinas
1146 1731 1148 1735 .

292 1775 361 1841 sive
380 1774 573 1841 redundatas
595 1774 724 1841 flumine
747 1775 830 1859 cogit
852 1795 981 1869 aquas,¹

250 1878 392 1964 protinus
414 1884 549 1962 aequato
571 1878 662 1944 siccis
684 1878 883 1962 aquilonibus
905 1878 1011 1943 Histro

293 1980 452 2047 invehitur
473 1981 568 2047 celeri
589 1981 742 2048 barbarus
764 1981 862 2048 hostis
884 2001 978 2064 equo:

250 2084 349 2150 hostis
371 2105 451 2168 equo
473 2085 595 2169 pollens
616 2086 772 2170 longeque
794 2085 921 2152 volante
942 2084 1058 2170 sagitta

293 2189 431 2253 vicinam
453 2189 516 2253 late
538 2187 746 2274 depopulatur
767 2187 905 2253 humum.

251 2290 420 2375 diffugiunt
437 2292 504 2372 alii,
527 2292 682 2373 nullisque
704 2290 865 2356 tuentibus
886 2310 979 2374 agros

293 2394 501 2460 incustoditae
524 2395 712 2480 diripiuntur
733 2414 823 2478 opes:

250 2498 331 2563 ruris
353 2518 429 2582 opes
451 2517 578 2583 parvae,
601 2517 698 2582 pecus
721 2504 752 2562 et
774 2495 938 2563 stridentia
960 2497 1099 2582 plaustra

293 2606 326 2666 et
347 2620 426 2684 quas
448 2600 575 2666 divitias
597 2600 701 2665 incola
721 2620 842 2685 pauper
862 2599 967 2665 habet.

251 2725 325 2790 pars
345 2705 449 2788 agitur
471 2704 585 2769 vinctis
606 2709 678 2789 post
699 2710 824 2787 tergum
847 2710 940 2787 capta
961 2703 1094 2784 lacertis,

293 2807 465 2891 respiciens
486 2806 602 2872 frustra
623 2827 696 2871 rura
717 2808 893 2890 Laremque
916 2826 1016 2888 suum,

250 2931 324 2996 pars
346 2909 430 2975 cadit
451 2910 587 2976 hamatis
608 2910 722 2977 misere
745 2911 870 2975 confixa
891 2910 1029 2996 sagittis3
1123 2984 1127 2992 ι

294 3034 368 3079 nam
390 3014 508 3079 volucri
529 3013 612 3079 ferro
633 3013 753 3079 tinctile
775 3014 861 3079 vinus
882 3014 974 3079 inest.

252 3137 333 3201 quae
355 3123 515 3200 nequeunt
537 3136 643 3182 secum
664 3116 747 3183 ferre
769 3123 824 3182 aut
845 3116 1012 3198 abducere,
1035 3117 1181 3202 perdunt,
1312 3149 1328 3181 ο

295 3226 326 3286 et
348 3227 466 3286 cremat
487 3221 628 3286 insontes
649 3219 772 3286 hostica
793 3220 920 3284 flamma
944 3240 1042 3285 casas.

252 3330 327 3389 tuno
349 3343 482 3406 quoque,
506 3343 576 3390 cum
598 3344 663 3408 pax
687 3330 744 3405 est,
767 3323 926 3408 trepidant
946 3322 1114 3388 formidine
1136 3323 1220 3406 belli,

294 3446 354 3492 nec
376 3427 541 3509 quisquam
563 3446 671 3512 presso
693 3429 820 3493 vomere
843 3427 942 3492 sulcat
964 3425 1101 3491 humum.

252 3536 307 3594 aut
327 3529 424 3610 videt,
447 3536 502 3594 aut
524 3530 634 3596 metuit
650 3531 736 3596 locus
750 3530 812 3612 hic,
836 3550 929 3613 quem
944 3550 1007 3596 non
1022 3528 1120 3612 videt,
1142 3529 1279 3615 hostem3

296 3639 398 3698 cessat
419 3632 503 3697 iners
524 3632 625 3717 rigido
648 3639 731 3700 terra
753 3634 862 3701 relicta
884 3633 953 3699 situ.
1296 3651 1328 3699 to

253 3754 316 3799 non
339 3734 391 3799 hio
412 3735 583 3820 pampinea
604 3735 703 3803 dulcis
724 3740 803 3804 latet
824 3757 887 3803 uva
909 3739 966 3803 sub
990 3739 1109 3820 umbra,

296 3857 356 3902 nec
378 3839 537 3902 cumulant
558 3838 638 3904 altos
659 3840 783 3907 fervida
805 3848 908 3907 musta
929 3841 1024 3908 lacus.
