2934 4117
417 147 441 199 2.
459 143 513 211 itui
530 143 576 198 bea
594 142 710 213 ilcpaqei
727 143 770 198 tea
788 142 912 199 dutinus.

152 314 313 381 Battiades
335 334 459 400 semper
480 320 545 380 tete
568 315 745 381 cantabitur
767 317 856 381 orbe:
883 377 887 383 .

194 417 337 500 quamvis
359 417 487 501 ingenio
509 438 573 483 non
595 418 689 498 valet,
711 424 779 484 arte
801 418 894 484 valet.

151 520 236 584 nulla
258 520 430 605 Sophocleo
452 520 560 585 veniet
581 520 700 585 iactura
722 521 882 587 cothurno.

193 643 262 687 eum
286 622 351 687 sele
373 629 404 688 et
425 623 500 687 luna
522 642 645 707 semper
666 623 783 688 Aratus
806 624 872 688 erit.

151 725 271 790 Ennius
293 731 360 790 arte
383 743 493 790 carens
515 724 711 807 animosique
732 725 837 790 Attius
860 726 921 790 cris

193 848 338 894 casurum
359 829 444 894 nulle
465 834 606 913 tempore
628 848 742 893 nemen
765 828 891 893 habent.

151 932 323 996 Varronem
345 930 542 1015 primamque
563 935 663 995 ratem
686 950 768 1012 quae
790 932 911 995 nesciet
931 937 1020 998 aetas

193 1053 349 1116 aeneaque
372 1033 509 1098 Aesonio
531 1039 621 1116 terga
642 1032 743 1117 petita
764 1031 859 1097 duci?

152 1136 291 1201 carmina
311 1136 454 1202 sublimis
477 1142 552 1201 tune
574 1142 647 1200 sunt
669 1137 809 1220 peritura
830 1137 965 1218 Lucreti,

194 1239 291 1304 exitio
313 1243 412 1304 terras
435 1258 505 1304 cum
528 1237 617 1304 dabit
638 1259 704 1303 una
725 1237 803 1303 dies.

150 1343 279 1427 Tityrus
301 1349 333 1408 et
354 1342 462 1425 fruges
483 1344 666 1423 Aeneiaque
688 1362 777 1407 arma
797 1343 951 1427 legentur,

193 1447 293 1510 Roma
314 1445 498 1529 triumphati
520 1445 595 1509 dum
619 1452 713 1530 caput
736 1446 820 1511 erbis
843 1447 909 1511 erit.

151 1548 252 1613 denec
274 1554 365 1613 emnt
386 1549 477 1633 ignes
499 1568 651 1632 arcusque
674 1548 840 1633 Cupidinis
861 1569 958 1630 arma,

194 1649 353 1715 discent-ur
374 1649 506 1732 numeri,
530 1652 611 1716 culte
631 1651 765 1731 Tibulle,
790 1652 843 1715 tui.

151 1755 259 1820 Gallus
282 1761 313 1818 et
334 1754 498 1838 Hesperiis
520 1760 552 1819 et
574 1754 682 1819 Gallus
705 1759 796 1819 nctus
819 1753 893 1819 Eois

127 1884 130 1889 ·
195 1864 227 1922 et
248 1876 306 1922 sua
327 1876 398 1921 cum
422 1855 511 1922 Gallo
533 1863 608 1922 nota
630 1857 761 1940 Lycoris
784 1857 851 1920 erit.

152 1980 236 2044 ergo,
260 1979 332 2024 cum
354 1958 467 2041 silices,
491 1979 562 2024 eum
585 1958 664 2024 dens
686 1959 835 2044 patientis
857 1960 951 2023 aratri

195 2060 367 2145 depereant
387 2081 477 2142 aerc,
501 2061 640 2127 carmina
661 2062 760 2125 morte
785 2068 900 2126 carent.

152 2163 267 2229 cedant
288 2163 479 2229 carminibus
500 2183 593 2247 reges
613 2183 786 2248 regumque
809 2163 967 2248 triumphi,

195 2265 287 2331 cedat
309 2272 340 2331 et
362 2265 489 2331 auriferi
512 2266 580 2350 ripa
602 2264 743 2349 benigna
763 2266 853 2349 Tagi.

151 2369 227 2434 vilia
248 2369 377 2433 miretur
398 2369 526 2452 vulgus:
570 2368 648 2432 mihi
670 2367 771 2434 flavus
793 2368 903 2452 Apollo

195 2472 307 2556 pocula
329 2471 467 2537 Castalia
488 2471 583 2555 plena
604 2471 759 2535 ministret
780 2470 871 2552 aqua.

151 2574 291 2659 pascitur
312 2573 346 2637 in
368 2573 452 2639 vivis
473 2573 562 2654 livor,
585 2580 657 2658 pust
679 2573 746 2638 fata
768 2573 910 2656 quiescit,

196 2696 267 2741 eum
289 2696 364 2743 suus
386 2695 427 2742 ex
449 2676 560 2740 merito
583 2695 739 2758 quemque
761 2681 865 2740 tuetur
886 2676 993 2741 henos.

152 2799 228 2863 erge
252 2778 346 2844 etiam
370 2798 441 2844 cum
463 2798 514 2843 me
536 2798 701 2863 supremus
723 2778 865 2843 adederit
887 2778 980 2861 ignis,
1033 2807 1034 2811 ¹

198 2881 313 2964 vivam,
336 2900 472 2966 parsque
494 2881 556 2946 mei
579 2882 677 2945 multa
699 2887 857 2965 superstes
879 2881 946 2945 erit.

350 3061 383 3131 2.
404 3063 479 3146 ital
499 3065 559 3131 tta
580 3063 726 3146 panasei
749 3065 804 3131 ec
827 3063 985 3132 serraca.

152 3189 319 3271 Psittacus,
342 3187 417 3255 Eois
439 3189 590 3253 imitatrix
613 3189 679 3255 ales
701 3188 742 3254 ab
766 3189 863 3271 Indis,

197 3290 326 3356 cecidit:
350 3292 517 3375 exsequias
539 3292 583 3357 ite
604 3292 794 3375 frequenter,
817 3312 907 3376 aves3

152 3395 206 3475 ite,
230 3394 302 3478 piae
325 3395 477 3476 volucres,
501 3401 533 3460 et
555 3396 696 3480 plangite
719 3403 846 3480 pectora
868 3395 974 3479 pinnis

198 3502 229 3560 et
251 3495 352 3579 rigide
378 3505 502 3561 teneras
525 3517 630 3581 ungue
653 3504 759 3562 notate
780 3517 893 3581 genas3

152 3597 281 3662 horrida
304 3619 360 3682 pre
383 3600 511 3665 maestis
533 3600 667 3665 lanietur
689 3601 796 3684 pluma
818 3601 948 3684 capillisr,

198 3721 254 3784 pre
276 3701 372 3785 longa
393 3707 540 3767 resonent
563 3702 702 3766 earmina
724 3709 830 3768 vestra
852 3704 940 3769 tubal

997 3804 1029 3856 8*

1120 126 1179 190 115
