2934 4117
542 204 566 255 5.
585 198 738 268 llobriibcte
755 199 851 258 dritta.

182 381 322 459 tempore
342 375 518 439 Poenorum
541 372 747 458 compescitur
767 374 816 438 ira
836 373 971 457 leonum,

224 497 284 542 nee
304 476 413 542 feritas
436 476 551 558 animo,
575 494 656 557 quae
678 474 738 539 fuit
758 481 842 557 ante,
865 484 981 542 manet.

183 599 325 663 quaeque
346 580 395 644 sui
416 579 543 645 monitis
566 579 761 663 obtemperat
783 577 864 644 Inda
885 580 1027 666 magistri

224 683 327 764 belua,
351 682 512 749 servitium
534 688 674 767 tempore
696 681 782 747 victa
803 682 896 747 subit.

181 793 314 871 tempus,
338 791 372 851 ut
395 785 532 851 extentis
554 791 682 866 tumeat,
706 784 792 867 facit,
815 805 879 851 uva
899 786 1041 867 racemis,

92 878 94 882 ’
223 891 342 972 vixque
363 909 484 955 merum
507 889 634 974 capiant
655 909 764 972 grana
789 888 873 971 quod
893 888 980 956 intus
1002 889 1129 955 habent.

181 999 305 1078 tempus
327 993 413 1059 etin
436 1011 532 1058 canas
554 1011 663 1057 semen
684 991 828 1076 producit
849 992 972 1075 aristas,

225 1102 319 1161 etue
341 1095 405 1160 sint
426 1095 507 1160 tristi
529 1115 623 1180 poma
644 1115 765 1180 sapore,
789 1095 873 1160 facit.

181 1199 242 1264 hoo
263 1204 372 1263 tenuat
393 1198 520 1263 dentem
542 1205 658 1263 terram
681 1198 862 1264 renovantis
883 1199 989 1280 aratri,

224 1301 285 1367 hoc
300 1300 424 1385 rigidas
445 1301 559 1383 silices,
582 1299 642 1366 hoc
663 1300 833 1366 adamanta
855 1301 936 1366 terit.

182 1403 241 1469 hoc
264 1403 357 1469 etiam
380 1423 493 1470 saevas
514 1403 666 1489 paulatim
689 1403 813 1488 mitigat
833 1403 906 1484 iras,

225 1506 284 1572 hoo
305 1507 418 1572 minuit
439 1507 541 1572 luctus
563 1512 745 1589 maestaque
768 1506 863 1571 corda
883 1508 977 1572 levat.

175 1618 296 1675 >cuneta
317 1617 420 1694 potest
441 1611 536 1694 igitur
558 1611 653 1676 tacito
674 1609 756 1694 pede
778 1610 867 1694 lapsa
889 1616 1032 1676 vetustas

225 1721 444 1797 praeterquam
467 1733 556 1778 ouras
579 1720 743 1778 attenuare
765 1733 861 1778 meas.

184 1823 218 1880 ut
239 1816 342 1899 patria
364 1836 465 1898 careo,
487 1817 538 1882 bis
559 1816 703 1899 frugibus
724 1835 799 1881 area
821 1816 895 1882 trita
917 1823 974 1898 est,

226 1918 360 1983 dissiluit
381 1917 465 1984 nudo
486 1939 597 2003 pressa
617 1918 667 1984 bis
688 1939 752 1984 uva
773 1919 863 2003 pede.

184 2042 242 2087 noc
265 2023 407 2105 quaesita
429 2030 535 2087 tamen
557 2022 658 2107 spatio
680 2022 834 2107 patientia
854 2023 948 2108 longo
972 2029 1028 2106 est,
1102 2036 1106 2043 “

226 2145 378 2207 mensque
400 2126 474 2189 mali
496 2145 623 2191 sensum
644 2132 753 2191 nostra
774 2126 909 2191 recentis
931 2126 1035 2191 babet.

183 2229 303 2294 seilicet
324 2234 357 2294 et
377 2234 501 2303 veteres
522 2227 648 2312 fugiunt
669 2228 746 2313 iuga
766 2248 862 2314 saepe
883 2229 1010 2294 iuvenci

227 2338 259 2396 et
280 2329 416 2397 domitus
437 2330 528 2397 freno
551 2351 646 2416 saepe
666 2337 823 2416 repugnat
846 2351 953 2414 equus.
1050 2377 1052 2383 ,

184 2434 299 2501 tn‘stior
321 2440 369 2500 est
391 2434 486 2499 etiam
507 2453 658 2518 praesens
679 2454 831 2499 aerumna
852 2434 968 2519 priore:

225 2544 262 2602 ut
282 2537 324 2603 sit
345 2538 429 2602 enim
452 2537 513 2603 sibi
535 2558 602 2621 par,
626 2537 724 2603 crevit
747 2543 779 2602 et
800 2544 894 2602 aucta
914 2557 1002 2603 mora
1025 2544 1081 2604 est.

184 2662 243 2706 neo
264 2648 330 2706 tam
351 2649 427 2706 nota
448 2640 535 2724 mihi,
559 2661 653 2724 quam
676 2647 758 2721 sunt,
781 2642 865 2705 mala
887 2648 994 2707 nostra
1014 2641 1155 2726 fuerunt,

226 2764 311 2808 nunc
333 2745 435 2828 magis
456 2743 525 2825 hoc,
549 2764 610 2826 quo
632 2749 706 2808 sunt
727 2743 909 2828 cognitiora,
932 2752 1076 2828 gravant.

184 2853 232 2912 est
254 2866 376 2929 quoque
397 2867 462 2912 non
483 2845 625 2928 nihilum,
648 2848 732 2912 vires
754 2845 878 2912 adferre
899 2853 1051 2929 recentes,

226 2969 286 3016 nec
307 2956 602 3035 praeconsumptum
624 2950 774 3035 temporis
797 2969 866 3015 esse
888 2949 989 3016 malis.

183 3053 292 3118 fortior
313 3054 345 3117 in
368 3052 456 3118 fulva
478 3073 579 3119 novus
601 3059 649 3119 est
670 3055 803 3118 luctator
824 3052 953 3134 harena,

227 3176 321 3239 quam
343 3156 393 3221 oui
415 3163 488 3223 sunt
509 3156 599 3222 tarda
621 3156 770 3221 bracchia
791 3156 876 3222 fessa
898 3177 992 3222 mora.

184 3259 307 3343 integer
329 3265 377 3324 est
398 3259 507 3325 melior
528 3259 637 3326 nitidis
659 3259 816 3344 gladiator
836 3260 869 3324 in
892 3260 997 3341 onmia,

227 3381 321 3445 quam
344 3362 394 3426 cui
416 3361 479 3427 tela
500 3383 556 3428 suo
579 3364 734 3446 sanguine
756 3364 855 3428 tincta
876 3364 998 3428 rubent.

183 3465 246 3529 sert
266 3464 349 3529 bene
370 3464 558 3549 praecipites
580 3467 672 3532 navis
694 3465 786 3531 modo
808 3466 894 3532 sacta
915 3467 1080 3551 procellas:

228 3568 400 3650 quamlibet
423 3569 537 3653 exiguo
560 3571 688 3635 solvitur
709 3571 810 3636 imbre
833 3576 931 3635 vetus.

184 3689 241 3735 nos
264 3689 395 3753 quoque,
419 3689 500 3752 quae
521 3669 659 3753 ferimus,
682 3672 810 3736 tulimus
832 3671 1001 3755 patientius
1024 3678 1098 3736 ante

227 3793 320 3854 quarn
343 3773 427 3838 mala
449 3779 522 3838 sunt
542 3773 638 3858 longa
659 3774 866 3859 multiplicata
888 3773 948 3839 die.

235 3882 303 3926 maru
315 3882 446 3937 uutprndblte
459 3882 553 3934 detine
577 3884 615 3936 (dl.
629 3884 712 3938 &teuton
726 3885 749 3928 io
763 3883 851 3939 tributu.)
1025 3880 1055 3928 11
