2934 4117
585 151 609 203 6.
633 147 776 217 ’1111αὸ111111

163 319 248 383 iussa
270 319 348 384 deae
372 319 489 384 celeres
510 327 676 404 peragunt,
699 321 868 405 ignemque
890 330 1062 404 vomentes,

162 423 338 487 ambrosiae
360 442 435 487 suco
458 429 588 504 saturos,
611 424 817 507 praesepibus
838 425 910 489 altis

163 522 383 608 quadrupedes
404 524 523 589 ducunt
544 523 728 608 adduntque
751 527 896 590 sonantia
918 528 1016 591 frena.

162 634 230 690 tum
251 633 341 710 pater
363 647 418 691 ora
439 627 488 691 sui
511 647 599 692 sacro
621 627 830 693 medicamine
853 630 919 693 nati

164 730 295 813 contigit
317 736 349 794 et
370 729 500 813 rapidae
522 730 598 796 fecit
618 732 773 815 patientia
795 732 940 796 flammae

162 832 372 915 imposuitque
395 852 503 898 comae
525 832 643 918 radios3
666 855 882 918 praesagaque
905 836 1008 900 luctus

162 940 289 1018 pectore
311 935 444 1000 sollicito
464 942 611 1019 repetens
633 936 768 1020 suspiria
790 936 884 1001 dixit:

164 1038 201 1102 ‘si
221 1044 312 1121 potes
334 1037 383 1102 bis
405 1038 516 1102 saltem
539 1039 665 1104 monitis
686 1059 797 1123 parere
819 1041 967 1124 parentis,

163 1160 267 1225 parce,
289 1160 377 1224 puer,
400 1141 534 1207 stimulis
556 1147 588 1206 et
610 1141 720 1208 fortius
741 1150 830 1208 utere
850 1143 938 1208 loris:

163 1251 275 1329 sponte
297 1265 355 1310 sua
376 1252 562 1329 properant;
583 1247 672 1311 labor
695 1252 743 1310 est
764 1247 906 1312 inhibere
929 1248 1082 1313 volantes.

163 1367 223 1411 nec
245 1346 303 1411 tibi
325 1348 458 1413 directos
480 1349 604 1432 placeat
624 1348 677 1413 via
700 1349 839 1431 quinque
860 1368 917 1432 per
939 1369 1039 1414 arcus.

164 1457 268 1516 sectus
289 1451 324 1515 in
346 1451 507 1533 obliquum
530 1458 577 1516 est
598 1452 662 1516 lato
685 1452 866 1516 curvamine
889 1452 988 1533 limes,

164 1573 376 1635 zonarumque
398 1554 492 1618 trium
515 1559 680 1619 contentus
702 1553 766 1618 fine
788 1556 956 1639 polumque
1211 1574 1259 1621 130

126 1647 130 1654 ”
165 1656 275 1739 effugit
297 1657 465 1720 australem
489 1656 690 1738 iunctamque
711 1656 912 1739 aquilonibus
933 1659 1061 1723 Arcton.

164 1758 225 1823 hac
247 1759 287 1823 sit
308 1759 383 1843 iter;
406 1758 574 1824 manifesta
596 1765 682 1825 rotae
704 1760 841 1843 vestigia
863 1779 981 1824 cernes.

165 1868 261 1944 utque
283 1862 387 1926 ferant
408 1882 526 1944 aequos
549 1870 580 1926 et
603 1863 724 1927 caelum
748 1870 779 1927 et
801 1869 885 1927 terra
907 1865 1034 1944 calores,

165 1985 224 2030 nec
245 1985 353 2049 preme
375 1985 435 2030 nec
456 1985 610 2030 summurn
634 1967 743 2031 molire
764 1987 821 2050 per
841 1966 971 2031 aethera
993 1987 1125 2032 currum.

165 2068 259 2133 altius
281 2088 426 2152 egressm
449 2069 597 2133 caelestia
618 2075 702 2134 tecta
725 2070 889 2151 cremabis,

165 2171 296 2237 inferius
319 2178 434 2237 terras:
458 2170 561 2236 medio
583 2172 758 2238 tutissimus
780 2172 849 2238 ibis.

166 2296 228 2340 neu
250 2281 283 2341 te
305 2274 464 2339 dexterior
485 2281 598 2339 tortum
622 2275 759 2340 declinet
780 2274 822 2339 ad
844 2276 999 2360 Anguem,

166 2398 248 2443 neve
269 2378 442 2444 sinisterior
463 2398 604 2461 pressam
626 2385 694 2443 rota
716 2378 811 2443 ducat
832 2378 874 2443 ad
896 2380 1006 2443 Aram:

166 2483 248 2547 inter
269 2487 434 2563 utrumque
456 2488 538 2547 tene.
562 2483 720 2546 Fortunae
744 2488 848 2547 cetera
870 2481 993 2562 mando,

167 2604 248 2667 quae
270 2585 358 2649 iuvet
380 2590 412 2649 et
432 2585 554 2666 melius,
579 2604 672 2666 quam
695 2591 729 2650 tu
751 2585 820 2666 tibi,
844 2586 984 2649 consulat
1006 2593 1087 2669 opto.
1213 2607 1262 2652 reo

167 2686 242 2751 dum
264 2686 382 2770 loquor,
406 2687 558 2771 Hesperio
580 2688 698 2771 positas
720 2687 754 2751 in
776 2688 866 2752 litore
887 2694 988 2753 metas

168 2789 275 2854 umida
296 2810 360 2855 nox
383 2789 501 2874 tetigit3
524 2810 589 2854 non
611 2797 659 2855 est
680 2811 768 2856 mora
789 2790 889 2855 libera
910 2791 1014 2875 nobis;

167 2894 339 2977 poscimur:
363 2892 493 2976 effulget
513 2892 652 2957 tenebris
674 2893 796 2957 Aurora
817 2893 943 2977 fugatis.

168 2995 289 3079 corripe
311 2996 378 3061 lora
398 2997 507 3060 manu!
531 3034 574 3042 -
595 2996 656 3076 vel,
680 2997 706 3060 si
729 2996 880 3060 mutabile
902 3001 1012 3080 pectus

168 3098 307 3178 esttibi,
331 3097 477 3179 consiliis,
501 3119 564 3162 non
587 3099 728 3163 curribus
750 3105 839 3164 utere
861 3098 984 3178 nostris,

168 3200 242 3265 dum
266 3207 356 3285 potes
379 3208 410 3265 et
433 3201 539 3266 solidis
562 3201 744 3266 etiamnunc
766 3201 894 3266 sedibus
916 3201 1023 3265 adstas

168 3303 307 3386 dumque
328 3304 411 3369 made
433 3309 556 3387 optatos
578 3304 718 3369 nondum
740 3304 857 3388 premis
878 3304 995 3367 inscius
1017 3322 1103 3367 axes.

169 3426 250 3488 quae
273 3411 358 3471 tutus
380 3413 513 3490 spectes,
537 3407 605 3472 sine
627 3425 677 3470 me
700 3405 776 3470 dare
796 3406 917 3470 lumina
938 3402 1053 3470 terris!³

212 3508 354 3593 Occupat
376 3509 429 3573 ille
451 3509 555 3573 levem
576 3509 715 3574 iuvenali
738 3527 865 3591 corpore
889 3528 1011 3572 currum

169 3619 294 3693 statque
316 3631 411 3696 super
432 3612 641 3694 manibusque
662 3611 754 3676 datas
776 3612 956 3694 contingere
979 3610 1121 3676 habenas
1230 3634 1244 3680 5

169 3714 286 3799 gaudet
309 3721 341 3779 et
363 3714 470 3779 invito·
484 3721 590 3799 grates
611 3716 678 3799 agit
699 3714 774 3780 iude
795 3714 927 3799 parenti.
