2934 4117
475 216 514 267 ιο.
534 211 585 267 aa
602 182 732 279 seurota
751 209 872 278 auteur.
1123 189 1195 255 173¹

155 405 240 450 nunc
261 385 368 469 procul
390 405 410 448 a
431 385 534 468 patria
556 384 673 449 Geticis
695 384 906 468 circumsonor
928 382 1032 464 armis,

199 488 297 552 multa
317 487 404 571 prius
426 487 538 571 pelago
559 487 720 568 multaque
743 505 854 570 passus
878 485 979 550 humo.

156 592 224 657 sive
238 591 322 657 ‘mihi
345 611 437 656 casus
459 591 526 656 sive
548 590 608 655 hoc
630 589 717 655 dedit
738 590 786 653 ira
808 588 948 669 deorum,

198 695 306 760 nubila
329 694 470 759 nascenti
493 713 549 758 seu
571 692 647 757 mihi
669 694 769 757 Parca
791 691 859 773 fuit,

156 805 190 863 tu
212 804 318 862 tamen
342 817 359 862 e
382 797 479 862 sacris
501 795 637 860 hederae
661 795 830 860 cultoribus
852 815 948 859 unum
1199 815 1230 862 1⁵
1338 790 1340 793 ’

199 900 327 965 numine
349 899 503 964 debueras
525 897 709 963 sustinuisse
730 904 793 962 tuo.

155 1024 197 1068 an
220 1002 367 1068 dominae
388 1002 447 1068 fati
470 1001 618 1084 quiequid
640 1001 781 1067 cecinere
804 1019 933 1081 sorores,

199 1125 292 1171 omne
314 1107 372 1171 sub
394 1105 523 1171 arbitrio
546 1105 661 1169 desinit
683 1124 753 1169 esse
774 1101 849 1168 dei?

157 1211 225 1293 ipse
248 1228 370 1291 quoque
392 1208 548 1273 aetherias
570 1208 689 1273 meritis
711 1207 855 1272 invectus
876 1225 912 1271 es
933 1226 1031 1287 arces,

200 1331 261 1394 quc
283 1332 346 1377 non
369 1310 483 1394 exiguo
505 1310 590 1375 facta
611 1311 718 1376 labore
740 1311 793 1375 vla
814 1315 870 1375 est.

157 1435 217 1479 nec
238 1414 340 1498 patria
362 1420 410 1479 est
431 1414 575 1480 habitata
597 1414 664 1495 tibi,
687 1411 744 1478 sed
765 1412 907 1494 adusque
928 1411 1072 1476 nivosum

199 1518 369 1601 Strymona
389 1517 503 1582 venisti
526 1517 781 1598 Marticolamque
804 1515 904 1581 Geten

155 1619 348 1702 Persidaque
371 1625 402 1685 et
423 1620 487 1684 lato
509 1621 699 1703 spatiantem
719 1618 844 1703 gurgite
867 1617 1000 1702 Gangen

199 1730 231 1788 et
253 1742 464 1806 quascumque
486 1723 566 1789 bibit
588 1722 713 1787 decolor
734 1721 832 1787 Indus
854 1741 961 1803 aquas.

157 1826 276 1891 scilicet
297 1825 380 1891 hano
401 1826 505 1909 legem
527 1831 639 1890 nentes
661 1825 770 1889 fatalia
790 1826 909 1889 Pareae

200 1927 336 1991 stamina
356 1928 406 1993 bis
427 1928 533 2012 genito
556 1927 605 1993 bis
628 1927 770 1992 cecinere
792 1915 875 1992 tibi,

157 2051 208 2094 me
231 2049 364 2112 quoque,
387 2031 415 2095 si
436 2029 486 2095 fas
508 2035 555 2095 est
578 2029 731 2113 exemplis
752 2029 798 2094 ire
820 2029 958 2111 deorum,

199 2131 301 2197 ferrea
322 2152 388 2198 sors
410 2133 495 2204 vitae
516 2132 715 2215 difficilisque
737 2131 859 2215 premit.

156 2236 209 2301 illo
231 2254 290 2300 neo
311 2235 411 2301 leuius
434 2234 542 2316 cecidi,
566 2254 659 2317 quem
681 2255 799 2318 magna
819 2235 955 2301 locutum

198 2337 333 2423 reppulit
354 2359 375 2402 a
396 2337 515 2403 Thebis
536 2338 678 2421 Iuppiter
699 2338 774 2421 igne
797 2356 861 2403 sue.

155 2448 189 2506 ut
211 2447 318 2506 tamen
340 2440 455 2506 audisti
477 2460 658 2525 percussum
681 2439 811 2505 fulmine
832 2447 947 2523 vatem,

197 2544 360 2609 admonitu
382 2544 491 2609 matris
515 2543 711 2609 condoluisse
733 2550 837 2628 potes:

156 2654 188 2712 et
209 2653 298 2730 potes
319 2646 499 2731 adspiciens
521 2649 635 2712 circum
659 2653 713 2711 tua
735 2666 824 2712 sacra
846 2652 955 2731 po'e‘tas

199 2750 314 2816 ‘nescio
337 2750 407 2832 quis
428 2751 535 2816 nostri’
559 2750 664 2815 dicere
685 2743 795 2815 ‘cultor
816 2751 925 2816 abest?

156 2851 211 2932 fer,
235 2852 317 2917 hone
339 2854 443 2934 Liber,
461 2871 567 2938 opem.
590 2853 636 2918 sie
657 2853 757 2918 altera
778 2851 931 2937 degravet
953 2853 1070 2917 ulmum

198 2954 272 3021 vitis
294 2961 325 3021 et
347 2956 467 3022 incluso
490 2957 585 3041 plena
607 2956 649 3021 sit
669 2976 733 3021 uva
755 2976 850 3036 mero,

155 3057 200 3123 sic
221 3057 279 3123 tibi
302 3078 373 3123 cum
394 3059 528 3124 Bacchis
550 3060 733 3142 Satyrorum
754 3072 861 3143 gnava
882 3058 1027 3123 iuventus

198 3159 282 3225 adsit
304 3167 336 3226 et
356 3162 488 3228 attonito
511 3182 574 3228 non
597 3169 721 3227 taceare
744 3178 829 3243 sono,

156 3281 227 3326 ossa
248 3261 439 3347 bipenniferi
461 3265 507 3330 sic
529 3265 592 3331 sint
613 3265 694 3330 male
716 3280 826 3350 pressa
847 3265 994 3349 Lycurgi,

198 3363 294 3448 impia
316 3385 375 3430 nec
396 3386 498 3449 poena
519 3367 676 3433 Pentheos
698 3369 810 3433 umbra
831 3374 935 3453 vacet;

156 3465 201 3529 sio
223 3466 317 3532 micet
339 3475 501 3534 aeternum
524 3471 690 3553 vicinaque
713 3469 818 3536 sidera
838 3471 945 3537 vincat

199 3569 341 3654 coniugis
361 3570 395 3635 in
418 3572 505 3637 eaelo
528 3574 611 3637 clara
633 3592 748 3638 corona
769 3580 858 3639 tuae:

156 3669 217 3735 hnc
238 3671 314 3739 ades
337 3679 369 3739 et
391 3693 482 3739 casus
503 3676 634 3758 releves,
656 3676 874 3761 pulcherrime,
897 3681 1028 3757 nostros,

198 3793 294 3839 unum
316 3776 357 3843 de
379 3796 509 3843 numero
531 3798 581 3843 me
604 3799 722 3845 memor
745 3795 814 3845 esse
836 3781 901 3845 tuo!
