2934 4117
448 167 487 219 11.
506 164 557 218 tina
576 162 749 231 bebnrtctoqe
767 163 809 218 bet
827 162 928 219 dobin.

171 339 225 402 illa
247 337 338 402 domo
359 335 525 421 patriaque
547 355 604 401 sua
625 342 763 417 nataque
785 336 919 401 fruatur:

215 446 323 525 erepta
344 440 423 505 haec
444 439 499 504 uni
522 440 562 504 sit
583 439 659 504 satis
682 459 752 504 esse
773 439 859 503 milri.

170 549 325 627 quatenus
347 550 379 608 et
400 563 463 609 non
486 549 535 608 est
555 542 589 606 in
612 563 683 607 caro
706 543 839 626 coniuge
861 543 949 624 felix,

212 667 285 732 pars
307 648 392 714 vitae
414 647 495 712 tristi
517 652 622 710 cetera
644 646 729 710 nube
751 652 852 710 vacet.

170 750 257 816 vivat
278 756 426 832 ametque
448 749 561 830 uirum,
585 749 732 830 quoniam
755 749 801 814 sic
823 750 953 833 cogitur,
976 750 1091 815 absens

213 859 438 935 consumatque
460 872 569 932 annos,
592 852 650 917 sed
672 852 827 932 diuturna,
850 872 931 917 suos.

168 958 325 1024 adicerem
348 961 391 1020 ‘et
412 959 554 1036 nostros',
577 955 633 1020 sed
656 975 696 1020 ne
719 956 865 1039 contagia
887 955 944 1020 fati

213 1065 414 1143 corrumpant
435 1059 540 1139 timeo,
563 1077 641 1141 quos
662 1059 730 1143 agit
752 1059 815 1139 illa,
837 1059 909 1124 mei.

169 1165 214 1229 nil
235 1161 355 1228 homini
377 1168 496 1226 certum
518 1167 574 1226 est.
597 1160 665 1225 fieri
688 1161 758 1243 quis
780 1180 873 1244 posse
893 1170 1028 1245 putaret,

213 1274 247 1332 ut
267 1267 404 1331 facerem
425 1265 459 1329 in
480 1263 593 1329 mediis
614 1265 693 1329 haec
715 1284 775 1348 ego
797 1285 887 1330 sacra
909 1265 1017 1331 Getis?

169 1370 314 1455 adspice,
331 1376 366 1433 ut
387 1389 464 1432 aura
485 1374 592 1431 tamen
615 1368 717 1432 fumos
739 1387 758 1432 e
779 1373 848 1432 ture
871 1375 991 1433 coortos

213 1475 245 1538 in
267 1479 374 1557 partes
397 1472 494 1537 Italas
517 1478 549 1535 et
570 1472 639 1535 loca
662 1471 775 1536 dextra
797 1471 887 1536 ferat.

168 1597 279 1644 sensus
301 1577 384 1641 inest
405 1576 501 1660 igitur
523 1576 654 1655 nebulis,
679 1595 757 1657 quas
780 1575 881 1658 exigit
902 1575 998 1660 ignis:

213 1681 341 1744 oonsilio
363 1679 489 1762 fugiunt
511 1678 648 1760 aethera,
671 1679 780 1759 Ponte,
804 1685 901 1742 tuum.

170 1783 309 1863 consilio,
334 1801 498 1846 commune
522 1801 648 1846 sacrum·
668 1802 738 1846 cum
761 1781 872 1845 datin
893 1802 949 1847 ara

212 1884 369 1963 fratribus,
393 1884 514 1948 alterna
536 1885 589 1965 qni
611 1884 733 1966 periero
756 1904 861 1964 mann,

170 1990 239 2073 ipsa
261 1987 322 2053 sibi
344 1986 472 2067 discors,
495 1997 654 2068 tamquam
678 1986 844 2051 mandetur
865 1987 906 2051 ab
930 1988 999 2070 illis,

212 2089 363 2156 scinditur
384 2090 418 2153 in
439 2096 545 2173 partes
566 2097 635 2153 atra
657 2090 767 2153 favilla
789 2089 876 2154 duas.

169 2195 237 2275 hoc,
260 2192 399 2273 memini,
424 2191 580 2274 quondam
602 2192 669 2256 fieri
691 2213 755 2257 non
776 2213 869 2276 posse
891 2193 1049 2275 loquebar,

212 2303 245 2362 et
266 2315 317 2361 me
338 2295 502 2360 Battiades
524 2295 627 2359 indiae
649 2295 748 2360 falsus
770 2302 852 2360 erat:

168 2401 274 2468 omnia
295 2420 380 2465 nuno
402 2399 505 2480 credo,
530 2419 600 2464 cum
623 2404 656 2463 tu
678 2419 743 2464 non
765 2401 878 2464 stultus
899 2400 940 2464 ab
963 2401 1057 2466 Arcto

211 2512 310 2588 terga,
333 2523 441 2587 vapor,
464 2501 589 2567 dederis
611 2502 846 2585 Ausoniamque
868 2511 967 2587 petas,

168 2608 248 2672 baec
270 2627 345 2690 ergo
366 2607 421 2670 lux
445 2612 500 2670 est.
526 2624 606 2686 quae
629 2605 655 2669 si
677 2626 742 2670 non
763 2612 831 2669 orta
853 2605 973 2687 fuisset,

212 2711 299 2775 nulla
320 2708 397 2773 mibi
418 2709 532 2773 misero
554 2707 636 2772 festa
658 2707 797 2773 ridenda
819 2708 887 2772 luit.

169 2812 268 2879 edidit
289 2812 368 2877 haee
389 2831 492 2877 mores
514 2812 576 2876 illis
597 2811 732 2876 heroisin
756 2830 883 2893 aequos,

212 2917 282 2998 quis
304 2920 371 2979 erat
391 2914 504 2980 Eetion
526 2914 705 2995 Icariusque
726 2920 829 2997 pater;

168 3026 245 3083 nata
266 3016 418 3102 pudicitia
440 3024 496 3098 est,
519 3036 622 3081 mores
644 3016 846 3100 probitasque
868 3015 1018 3099 fidesque,

211 3128 245 3184 at
266 3140 329 3185 uon
352 3126 425 3185 sunt
446 3123 507 3186 ista
528 3120 644 3205 modia
667 3127 743 3184 nata
764 3120 825 3200 die,

170 3223 226 3289 sed
248 3223 336 3287 labor
358 3228 390 3288 et
412 3242 504 3289 curae
525 3225 713 3306 fortunaque
735 3224 874 3289 moribus
896 3225 1005 3308 impar,

212 3326 357 3408 iustaque
379 3325 419 3391 de
441 3326 536 3391 viduo
558 3346 660 3410 paene
684 3327 812 3408 querela
833 3332 909 3392 toro.

169 3430 288 3494 scilicet
310 3428 451 3495 adversis
473 3431 613 3514 probitas
635 3430 774 3494 exercita
796 3430 890 3494 rebus

212 3532 292 3597 tristi
314 3532 478 3596 materiam
499 3538 638 3617 tempore
661 3532 763 3598 laudis
786 3533 890 3597 habet.

169 3635 196 3700 si
217 3635 296 3700 nihil
316 3634 423 3702 infesti
445 3636 541 3702 durus
562 3636 694 3702 vidisset
716 3637 836 3718 Ulixes,

211 3739 369 3823 Penelope
390 3737 478 3821 felix,
501 3739 558 3805 sed
581 3739 650 3806 sine
671 3740 765 3805 laude
788 3740 875 3807 foret.

1138 146 1199 211 175
