2934 4117
259 187 301 252 34
574 201 576 206 “
654 202 886 272 Ἧὶειαηιυτφῄοὶεη.

258 376 387 442 vulnere
408 376 494 441 laesa
516 375 605 460 gravi
628 374 719 440 modo
743 394 777 440 se
800 374 941 440 sublimis
963 375 996 438 in
1019 396 1112 442 auras

259 479 380 562 attollit,
402 478 495 545 modo
517 477 624 545 subdit
644 478 745 561 aquis,
768 476 860 543 modo
882 497 967 543 more
989 478 1101 546 ferocis

259 590 365 649 versat
385 582 464 667 apri,
489 602 581 665 quem
604 582 696 647 turba
718 601 832 646 canum
854 580 1050 647 circumsona
1071 590 1175 648 terret.

259 686 311 752 ille
333 684 444 751 avidos
465 705 587 753 morsus
608 686 769 751 velocibus
792 684 902 767 effugit
923 685 983 750 alis

260 809 383 872 quaque
404 795 502 874 patet,
525 808 610 854 nnnc
631 796 722 872 terga
745 788 832 853 cavis
853 807 947 872 super
969 788 1071 854 obsita
1093 787 1229 869 conchis,

150 950 153 954 .
259 912 344 976 nunc
364 893 497 958 laterum
520 899 631 973 costas,
654 911 739 956 nunc
762 911 824 973 qua
846 890 1030 955 tenuissima
1052 891 1153 956 cauda

260 994 376 1062 desinit
397 996 430 1060 in
453 996 582 1080 piscem,
606 994 720 1060 falcato
742 995 887 1059 vulnerat
910 1014 995 1060 ense.

258 1098 354 1164 belua
374 1099 508 1183 puniceo
531 1098 646 1163 mixtos
669 1118 740 1163 cum
763 1097 917 1181 sanguine
938 1096 1051 1162 fluctus

260 1221 313 1267 ore
335 1202 447 1287 vomit3
469 1201 619 1267 maduere
640 1220 755 1285 graves
776 1198 966 1285 adspergine
987 1221 1121 1285 pennae.

260 1324 319 1371 nec
339 1305 457 1371 bibulis
478 1306 561 1370 ultra
581 1305 716 1369 Perseus
738 1303 889 1369 talaribus
910 1324 1006 1369 ausus

261 1407 388 1474 credere
410 1409 574 1493 conspexit
596 1407 767 1492 scopulum,
792 1407 845 1490 qui
867 1407 985 1472 vertice
1007 1427 1127 1473 summo

260 1511 417 1578 stantibus
440 1517 545 1577 exstat
566 1511 667 1595 aquis,
690 1512 828 1596 operitur
849 1510 889 1576 ab
913 1530 1048 1594 aequore
1070 1519 1162 1577 moto.

258 1614 355 1680 nixus
377 1635 415 1680 eo
436 1614 586 1699 rupisque
607 1623 719 1680 tenens
742 1614 817 1698 iuga
838 1615 939 1699 prima
961 1614 1088 1680 sinistra
1201 1680 1204 1686 ,

260 1725 308 1784 ter
331 1726 441 1802 quater
462 1719 570 1804 exegit
590 1718 725 1804 repetita
745 1718 878 1804 parilia
899 1717 1024 1783 ferrum.

303 1822 410 1887 Litora
432 1842 502 1887 eum
524 1823 635 1906 plausu
659 1823 776 1888 elamor
798 1840 990 1906 superasque
1013 1821 1142 1887 deorum

260 1925 431 2009 implevere
451 1924 575 1991 domos:
598 1925 739 2010 gaudent
760 1944 975 2011 generumque
997 1926 1135 1991 salutant

260 2028 475 2111 auxiliumque
497 2027 608 2095 domus
629 2035 883 2112 servatoremque
905 2028 1044 2095 fatentur

262 2131 411 2215 Cassiope
435 2131 641 2216 Cepheusque
662 2139 761 2217 pater.
785 2133 922 2198 resoluta
943 2132 1062 2198 catenis

262 2233 380 2298 incedit
402 2234 501 2318 virgo,
523 2234 721 2319 pretiumque
743 2241 776 2300 et
798 2255 893 2300 causa
914 2236 1038 2302 laboris.

261 2338 330 2423 ipse
350 2358 463 2403 manus
485 2338 600 2403 hausta
621 2339 767 2405 victrices
788 2339 888 2406 abluit
908 2340 1004 2423 unda,

260 2440 523 2524 anguiferumque
546 2448 641 2526 caput
662 2440 741 2507 dura
763 2462 805 2509 ne
826 2442 932 2507 laedat
954 2442 1082 2526 harena,

261 2544 361 2609 mollit
381 2544 511 2609 humum
533 2543 616 2611 foliis
638 2552 793 2628 natasque
815 2546 873 2612 sub
895 2567 1031 2629 aequore
1053 2547 1159 2632 virgas

261 2646 372 2712 sternit
395 2654 427 2712 et
447 2646 580 2732 imponit
601 2647 818 2732 Phorcynidos
840 2668 895 2715 ora
915 2648 1073 2715 Medusae.

261 2750 351 2835 virga
371 2770 481 2816 recens
502 2750 673 2833 bibulaque
695 2751 866 2817 etiamnum
889 2751 964 2818 viva
985 2752 1122 2818 medulla

261 2852 325 2918 vim
347 2853 452 2938 rapuit
473 2853 604 2919 monstri
625 2859 774 2937 tactuque
795 2854 934 2920 induruit
955 2856 1048 2921 huius

261 2955 464 3040 percepitque
486 2975 604 3022 nouum
626 2957 721 3022 ramis
745 2964 777 3022 et
798 2956 908 3023 fronde
930 2959 1074 3042 rigorem.

304 3058 362 3123 Dis
384 3059 483 3123 tribus
505 3058 558 3123 ille
581 3058 667 3125 focos
690 3059 820 3125 totidem
843 3060 883 3126 de
906 3062 1044 3147 caespite
1065 3063 1163 3148 ponit,

261 3162 386 3226 laevum
407 3160 571 3244 Mercurio,
595 3162 740 3228 dextrum
763 3164 830 3245 tibi,
853 3164 966 3230 bellica
987 3165 1090 3251 virgo;

261 3285 317 3330 ara
338 3265 423 3331 lovis
445 3265 551 3332 media
573 3272 629 3331 est.
653 3273 808 3331 mactatur
830 3287 927 3333 vacca
948 3268 1119 3351 Minervae,

261 3367 388 3452 Alipedi
409 3369 534 3452 uitulus,
558 3375 666 3435 taurus
688 3370 756 3452 tibi,
779 3391 899 3437 summe
921 3372 1060 3437 deorum.

261 3470 402 3554 protinus
424 3471 646 3538 Andromedan
670 3480 702 3538 et
723 3475 804 3538 tanti
825 3474 966 3559 praemia
987 3474 1063 3540 facti

261 3572 403 3640 indotata
425 3576 519 3660 rapit:
542 3575 652 3641 taedas
675 3578 880 3660 Hymenaeus
903 3580 1062 3661 Amorque

261 3678 468 3761 praecutiunt,
491 3681 586 3763 largis
609 3680 762 3745 satiantur
784 3680 930 3747 odoribus
952 3682 1053 3766 ignes,

261 3785 408 3863 sertaque
430 3780 610 3867 dependent
632 3784 732 3866 tectis,
756 3792 788 3849 et
809 3784 925 3867 ubique
946 3786 1098 3870 lyraeque
