2934 4117
271 191 313 254 46
669 206 901 276 iiletomorpbolcu.

270 379 390 444 lumina
411 384 585 459 versamnt‚
608 378 747 442 animam
770 378 862 443 simul
885 378 1080 444 exhalarunt,

271 480 407 567 adspicit
428 481 590 567 Alphenor
610 481 792 564 laniataque
814 488 941 566 pectora
962 483 1115 567 plangens

271 584 408 666 advolat,
431 591 467 649 ut
488 584 610 668 gelidos
633 586 849 669 complexibus
870 585 996 651 adlevet
1018 592 1114 668 artus,

271 688 367 771 inque
388 688 441 772 pio
463 688 548 753 cadit
569 687 687 753 officio:
710 709 785 752 nam
807 688 917 754 Delius
938 688 983 753 illi

270 790 383 856 intima
404 790 529 856 iatiiero
551 792 634 876 rupit
655 791 840 877 praecordia
861 792 953 857 ferro.

272 893 355 975 quod
377 894 469 959 simul
491 894 637 960 eductum
661 901 718 975 est,
741 914 815 980 pars
837 902 885 960 est
907 895 1062 980 pulmonis
1084 896 1116 960 in
1139 896 1240 962 hamis

211 986 213 990 ’
272 1004 369 1078 eruta,
394 1017 527 1079 cumque
549 998 656 1062 anima
679 1017 769 1063 cruor·
792 1004 840 1063 est
862 999 979 1064 effusus
1000 998 1033 1063 in
1055 1019 1157 1065 auras.

271 1106 305 1164 at
326 1120 389 1166 non
411 1102 570 1166 intonsum
593 1102 727 1185 simplex
749 1100 1019 1166 Damasichthona
1040 1102 1153 1166 vulnus

271 1202 387 1268 adficit.
433 1202 513 1269 ictus
535 1210 611 1284 erat,
635 1224 698 1286 qua
721 1223 791 1269 crus
814 1223 883 1269 esse
905 1204 1015 1289 incipit
1037 1211 1069 1269 et
1092 1224 1153 1288 qua

272 1306 377 1371 mollia
398 1326 549 1373 nervosus
572 1306 648 1371 iacit
669 1305 846 1373 internodia
867 1308 984 1393 poples.

271 1407 408 1491 dumque
429 1429 525 1475 manu
546 1416 680 1495 temptat
701 1410 826 1476 trahere
848 1410 1010 1477 exitiabile
1033 1412 1137 1493 telum,

270 1512 371 1577 altera
391 1532 449 1597 per
469 1512 611 1597 iugulum
633 1512 747 1598 pennis
768 1521 861 1579 tenus
883 1521 954 1578 acta
975 1514 1091 1598 sagitta
1113 1522 1168 1580 est.

272 1614 393 1699 expulit
414 1616 497 1681 hanc
519 1617 648 1701 sanguis
671 1635 768 1699 seque
791 1617 962 1683 eiaculatus
983 1618 1017 1682 in
1039 1619 1136 1682 altum

272 1719 386 1784 emicat
409 1725 440 1784 et
462 1720 556 1803 longe
578 1720 737 1786 terebrata
758 1720 878 1806 prosilit
899 1742 984 1787 aura.

270 1820 398 1888 ultimus
419 1822 555 1888 Ilioneus
576 1844 640 1888 non
662 1823 840 1907 profectura
860 1824 1018 1908 precando

270 1924 418 1990 bracchia
440 1927 607 1992 sustulerat
628 1919 683 1991 ‘di'
706 1947 767 2010 que
789 1920 819 1992 ‘o
841 1928 1045 1993 communiter
1067 1925 1196 2010 onrires,'

271 2026 404 2111 dixerat,
426 2030 556 2114 ignarus
578 2052 641 2097 non
663 2052 773 2098 omnes
795 2052 864 2098 esse
885 2032 1051 2116 rogandos,
1178 2048 1180 2051 ’

271 2124 425 2216 ‘parcitel'
447 2140 549 2199 motus
572 2140 648 2216 erat,
671 2154 742 2200 oum
764 2134 827 2200 iam
848 2135 1025 2201 revocabile
1047 2136 1143 2201 telum

270 2256 333 2300 non
354 2235 423 2317 fuit,
446 2236 646 2322 Arcitenens;
669 2237 798 2302 minimo
820 2243 926 2303 tamen
948 2237 1061 2303 occidit
1083 2239 1134 2303 ille

270 2339 409 2420 vulnere,
432 2360 495 2405 non
518 2341 581 2405 alte
603 2360 751 2425 percusso
773 2340 865 2406 eorde
888 2341 1011 2426 sagitta.

313 2441 413 2506 Fama
434 2441 508 2506 mali
531 2442 701 2527 populique
723 2441 812 2508 dolor
833 2443 1042 2526 lacrimaeque
1064 2463 1186 2508 suorum

270 2549 335 2607 tam
357 2544 480 2610 subitae
502 2551 634 2610 matrem
657 2552 775 2610 certam
797 2545 901 2611 fecere
923 2546 1042 2628 ruinae,

270 2647 435 2712 mirantem
457 2649 595 2733 potuisse
616 2649 876 2731 irascentemque,
899 2649 981 2733 quod
1004 2649 1072 2714 ausi

270 2749 330 2815 hoc
351 2757 457 2816 essent
479 2752 593 2836 superi,
617 2739 701 2835 quod
723 2758 845 2817 tantum
867 2752 943 2819 iuris
965 2753 1125 2818 haberent.

270 2874 344 2918 narn
365 2862 456 2939 pater
478 2855 635 2940 Amphion
659 2855 741 2936 terro
763 2876 819 2940 per
841 2862 950 2940 peetus
971 2856 1083 2921 adacto

269 2956 392 3022 finierat
414 2959 550 3024 moriens
572 2959 689 3042 pariter
711 2978 782 3023 cum
804 2959 873 3024 luce
896 2958 1041 3024 dolorem.

269 3060 331 3125 heu
354 3068 506 3142 quantum
527 3061 608 3126 haec
629 3062 732 3127 Niobe
753 3062 857 3127 Niobe
879 3061 1017 3128 distabat
1038 3063 1079 3128 ab
1102 3062 1165 3143 illa,

270 3182 351 3245 quae
373 3163 466 3229 modo
489 3164 596 3229 Latois
617 3166 767 3250 populum
790 3165 991 3230 submoverat
1012 3166 1075 3229 aris

270 3272 301 3330 et
323 3265 459 3330 mediam
481 3267 595 3332 tulerat
617 3287 744 3351 gressus
766 3269 913 3352 resupina
935 3288 991 3352 per
1012 3268 1132 3349 urbem,

269 3368 426 3435 invidiosa
448 3370 521 3450 suis,
544 3377 578 3435 at
600 3390 684 3435 nunc
706 3370 888 3436 miseranda
909 3371 959 3436 vel
982 3370 1076 3436 hosti!
1310 3389 1359 3436 rao

270 3474 450 3558 corporibus
471 3474 585 3557 gelidis
607 3475 760 3540 incumbit
782 3482 814 3540 et
835 3475 943 3541 ordine
965 3476 1048 3540 nullo

269 3577 375 3640 oscula
398 3576 559 3661 dispensat
582 3585 672 3643 natos
694 3598 841 3662 suprema
862 3599 919 3663 per
941 3598 1058 3644 omnes.

268 3699 289 3743 a
311 3679 424 3761 quibus
446 3679 488 3744 ad
510 3681 631 3746 caelum
652 3681 784 3746 liventia
807 3680 954 3747 bracchia
976 3683 1089 3746 tollens

270 3775 418 3865 ‘pascere
442 3783 585 3866 crudelis,
608 3791 723 3867 nostro,
747 3786 878 3866 Latona,
902 3784 1016 3851 dolore.
