2934 4117
275 170 340 231 '174
606 183 718 252 clugien:
740 184 789 237 111.
809 182 969 251 tttcpeliebrr.

276 365 350 423 sunt
372 358 420 423 dis
442 358 524 422 inter
546 377 581 422 se
603 357 798 422 commercia.
821 355 948 420 flectere
970 360 1090 438 tempta

319 462 507 528 Caesareum
530 480 646 525 numen
668 462 806 540 numine,
830 458 964 540 Bacche,
988 460 1053 523 tuo!

275 585 332 629 vos
355 584 488 647 quoque,
511 570 670 630 consortes
692 563 797 644 studii,
820 563 873 648 pia
895 563 995 642 turba,
1018 567 1140 645 poetae,

318 667 397 732 haec
419 666 529 732 eadem
552 674 675 751 sumpto
698 669 831 750 quisque
852 671 961 750 rogate
982 665 1081 729 merol

275 776 369 853 atque
391 771 505 853 aliquis
527 779 665 836 vestrum
687 770 825 836 Nasonis
847 769 973 835 nornine
996 767 1079 833 dicto

255 930 257 933 .
318 872 456 957 deponat
478 873 615 938 lacrimis
637 873 749 957 pocula
771 872 872 937 mixta
894 872 958 937 suis

275 975 515 1059 admonitusque
537 976 609 1056 mei,
634 997 705 1040 cum
727 974 985 1059 circumspexerit
1007 992 1124 1053 omnes,

319 1078 416 1144 dicat:
440 1079 504 1144 ‘ubi
527 1084 575 1144 est
597 1078 694 1144 nostrl
716 1097 789 1162 pars
811 1077 903 1142 modo
926 1078 1012 1142 Naso
1034 1076 1150 1142 chori?

275 1180 370 1264 idque
392 1182 446 1264 ita,
470 1182 496 1247 si
518 1189 657 1248 vestrum
680 1180 779 1245 merui
803 1180 938 1245 candore
960 1180 1100 1245 favorem

318 1285 464 1367 nullaque
486 1284 601 1349 iudicio
624 1284 728 1351 littera
750 1284 837 1349 laesa
859 1303 930 1349 meo
953 1290 1009 1363 est,

276 1387 311 1469 si,
334 1394 476 1452 veterum
499 1387 594 1472 digne
616 1407 748 1452 veneror
770 1407 840 1452 oum
864 1386 980 1470 scripta
1002 1385 1147 1465 virorum,

317 1491 461 1574 proxima
482 1511 544 1555 non
567 1491 628 1556 illis
650 1509 720 1555 esse
742 1490 864 1559 minora
884 1509 963 1554 reor.

276 1595 321 1658 sio
343 1594 438 1679 igitur
459 1593 571 1658 dextro
594 1593 717 1658 faciatis
739 1593 886 1677 Apolline
908 1613 1048 1658 carmen:

319 1696 505 1779 quodlicet,
528 1697 687 1762 intervos
710 1717 825 1761 nomen
848 1696 963 1762 habete
985 1698 1102 1761 meum!

480 1876 529 1946 11.
551 1879 619 1947 §tor
641 1878 862 1961 detonsione
885 1882 941 1947 ort
964 1878 1095 1948 <triton

275 2007 408 2072 Annuus
429 2005 595 2071 adsuetum
616 2005 762 2071 dominae
785 2006 899 2072 natalis
921 2006 1070 2071 honorem

318 2109 431 2193 exigit:
454 2110 507 2190 ite,
531 2129 652 2191 manus,
674 2110 716 2174 ad
739 2110 793 2193 pia
815 2130 913 2191 sacra,
937 2128 1036 2175 meae.

275 2213 320 2277 sic
343 2212 501 2295 quondam
524 2213 638 2278 festum
660 2213 805 2278 laertius
827 2218 936 2297 egerat
957 2212 1050 2278 heros

317 2314 422 2380 forsan
446 2316 477 2379 in
501 2322 641 2382 extremo
663 2317 805 2400 coniugis
827 2316 1017 2382 orbediem.

274 2419 383 2503 lingua
404 2419 517 2483 favens
539 2418 817 2490 adsitnostrorum
840 2419 937 2484 oblita
959 2419 1118 2499 malorum,

318 2541 408 2603 quae,
431 2529 516 2605 puto,
540 2521 692 2586 dedidicit
713 2522 776 2586 iam
799 2524 882 2587 bona
904 2523 1002 2587 verba
1023 2522 1116 2603 loqui.

275 2644 417 2707 quaeque
440 2626 537 2689 semel
560 2630 624 2690 toto
647 2626 744 2691 vestis
766 2625 842 2688 mihi
866 2625 997 2690 sumitur
1017 2644 1111 2705 anno,

317 2734 456 2792 sumatur
478 2728 551 2792 fatis
573 2728 707 2794 discolor
728 2729 802 2793 alba
823 2730 910 2794 meis.

274 2850 391 2912 araque
412 2831 575 2913 gramineo
597 2829 707 2897 viridis
729 2830 771 2896 do
793 2833 931 2915 caespite
953 2831 1018 2913 fiat,

318 2939 350 2999 et
371 2935 455 2998 velet
476 2933 599 3018 tepidos
620 2954 706 2999 nexa
727 2954 841 3001 corona
862 2935 957 3001 locos.

274 3036 317 3103 da
337 3037 415 3101 milri
437 3044 515 3118 tura,
537 3058 626 3121 puer,
648 3038 784 3123 pingues
805 3037 956 3105 facientia
977 3038 1128 3119 dammas,

318 3140 463 3222 quodque
485 3141 538 3224 pio
560 3141 665 3206 fusum
687 3140 800 3207 stridat
821 3142 854 3206 in
877 3142 961 3226 igne,
985 3161 1113 3206 merum.

275 3244 391 3327 optime
413 3243 550 3309 Natalisl
574 3244 718 3327 quamvis
740 3245 846 3328 procul
868 3245 1027 3326 absumus,
1049 3251 1131 3328 opto.

318 3345 471 3411 candidus
493 3346 554 3411 huc
576 3347 686 3417 venias
708 3346 931 3430 dissimilisque
953 3368 1032 3413 meo.

274 3450 301 3513 si
323 3449 406 3532 quod
429 3457 460 3513 et
481 3449 620 3514 instabat
641 3449 787 3516 dominae
809 3449 987 3516 miserabile
1009 3451 1133 3530 uulnus,

317 3553 358 3617 sit
378 3552 545 3635 perfuncta
566 3552 645 3623 meis
666 3561 789 3637 tempus
811 3554 845 3618 in
867 3574 959 3620 omne
981 3554 1081 3619 malis.

275 3674 417 3738 quaeque
439 3656 530 3740 gravi
552 3677 652 3741 nuper
673 3657 743 3741 plus
766 3677 860 3740 quam
883 3663 1031 3741 quassata
1052 3655 1188 3742 procella
1211 3662 1268 3737 est,

319 3755 401 3842 quod
423 3764 583 3843 superest„
597 3766 698 3827 tutum
721 3781 778 3844 per
800 3780 886 3828 mare
908 3760 1001 3829 navis
1023 3765 1083 3828 eat.
