2934 4117
258 162 320 227 180
527 179 642 249 dtepieu:
661 179 708 234 IV.
727 179 812 247 thalete
831 164 1020 248 comitantia.

255 360 287 417 et
308 373 407 437 grave
429 347 625 438 magnanimi
647 354 741 418 robur
763 353 878 443 mirare
899 350 996 418 Rutili
1066 357 1069 361 ’

298 476 362 520 non
385 455 433 522 usi
455 455 576 521 reditus
597 455 781 520 condicione
804 453 884 519 dati:

256 558 393 642 Smyrna
415 560 516 624 virum
538 558 649 639 tenuit,
672 578 736 623 non
759 559 878 622 Pontus
901 546 933 622 et
954 557 1077 647 hostica
1099 559 1198 641 tellus,

297 681 401 744 paene
422 662 526 727 minus
548 662 633 726 nullo
655 662 793 745 Smyrna
814 660 952 745 petenda
972 661 1050 726 loco.

256 784 318 828 non
342 764 441 828 doluit
462 765 565 849 patria
588 764 727 848 Cynicus
749 765 855 847 procul
878 783 949 829 esse
971 764 1139 849 Sinopeus:

240 923 243 926 ,
299 866 376 950 legit
398 868 483 933 enim
505 867 606 948 sedes,
629 867 736 931 Attica
758 874 850 947 terra,
874 873 953 933 tuas.

255 988 344 1034 arma
365 970 532 1035 Neoclides
555 971 608 1053 qui
630 969 757 1035 Persica
779 969 920 1035 contudit
941 970 1046 1052 armis,

299 1073 446 1156 Argolica
467 1073 600 1157 primam
624 1073 722 1138 sensit
744 1074 777 1136 in
800 1074 877 1138 urbe
900 1073 1018 1158 fugam.

256 1175 364 1258 pulsus
387 1175 541 1240 Aristides
563 1176 666 1259 patria
687 1164 928 1240 Lacedaemona
950 1176 1040 1260 fugit,

300 1278 381 1342 inter
403 1298 481 1361 quas
503 1277 643 1360 dubium,
667 1299 748 1361 quae
770 1279 854 1362 prior
876 1286 967 1361 esset,
991 1286 1067 1344 erat.

258 1379 355 1444 caede
376 1401 454 1465 puer
476 1381 561 1447 facta
582 1382 744 1446 Patroclus
766 1382 894 1465 Opunta
916 1381 1041 1464 reliquit
1111 1392 1114 1395 ’

299 1482 576 1567 Thessalicamque
597 1484 685 1566 adiit,
708 1484 824 1568 hospes
846 1484 987 1566 Achillis,
1011 1485 1148 1550 humum.

258 1586 348 1650 exsul
370 1586 411 1650 ab
434 1586 610 1653 Haemonia
631 1587 780 1652 Pirenida
803 1588 896 1652 cessit
917 1587 959 1651 ad
982 1588 1109 1668 undam,
1140 1608 1142 1615 ·

301 1708 362 1770 quo
384 1687 463 1754 duce
486 1691 573 1755 trabs
596 1690 713 1755 Colcha
734 1710 825 1755 sacra
847 1691 981 1754 cucurrit
1002 1711 1094 1773 aqua.

257 1790 348 1873 liquit
370 1792 567 1876 Agenorides
589 1792 719 1859 Sidonia
741 1793 866 1857 moenia
889 1780 1036 1874 Cadmus,

300 1900 431 1977 poneret
452 1901 486 1959 ut
508 1915 612 1960 muros
633 1896 666 1958 in
689 1896 816 1960 meliore
837 1897 913 1961 loco.

258 1996 346 2060 venit
367 1996 409 2060 ad
431 1997 600 2063 Adrastum
621 1997 752 2082 Tydeus
775 1998 937 2082 Calydone
959 1998 1095 2083 fugatus,

302 2104 334 2163 et
354 2101 508 2164 Teucrum
531 2100 646 2165 Veneri
668 2109 760 2184 grata
781 2103 898 2185 recepit
921 2101 1042 2167 humus.
1129 2103 1132 2106 ’

258 2201 334 2283 quid
355 2203 490 2267 referam
512 2208 635 2268 veteres
657 2205 819 2268 Romanae
841 2205 954 2286 gentis,
977 2203 1062 2289 apud
1085 2223 1162 2286 quos

301 2305 462 2371 exsulibus
483 2305 575 2371 tellus
597 2306 707 2370 ultima
727 2307 826 2372 Tibur
847 2311 935 2372 erat?
1224 2391 1227 2395 ,

258 2427 429 2491 persequar
450 2415 485 2472 ut
507 2414 645 2491 cunctos,
668 2409 746 2474 nulli
770 2409 862 2475 datus
885 2411 1030 2476 omnibus
1052 2409 1141 2475 aevis

302 2519 365 2575 tam
388 2511 495 2595 procul
517 2532 537 2575 a
558 2513 660 2595 patria
683 2519 731 2577 cst
753 2511 947 2578 horridiorve
968 2514 1063 2577 locus.
1100 2594 1102 2598 ι

259 2634 320 2697 quo
342 2614 444 2697 magis
466 2615 609 2698 ignoscat
631 2615 787 2698 sapientia
809 2622 915 2680 vestra
937 2614 1064 2697 dolenti,

301 2717 353 2798 qui
376 2716 453 2781 facit
475 2737 516 2781 ex
539 2716 632 2782 dictis
654 2738 717 2781 non
741 2717 786 2781 ita
807 2718 905 2782 multa
927 2719 998 2783 tuis.

258 2839 317 2884 neo
339 2825 446 2883 tamen
468 2819 592 2900 infitior,
616 2821 643 2885 si
665 2821 787 2904 possint
809 2828 916 2885 nostra
938 2821 1021 2886 coire

301 2922 441 3003 vulnera,
464 2923 641 3006 praeceptis
662 2943 756 3007 posse
779 2923 861 2988 coire
885 2925 955 2990 tuis.

222 3082 224 3085 ,
258 3024 314 3089 sed
336 3044 454 3105 vereor,
478 3044 519 3089 ne
540 3045 591 3090 me
612 3026 728 3091 frustra
750 3046 876 3092 servare
897 3028 1029 3109 labores,

301 3147 363 3192 neu
385 3128 474 3192 iuver
494 3128 623 3193 admota
644 3128 784 3212 perditus
806 3149 902 3213 aeger
923 3150 991 3215 ope.

259 3251 318 3295 neo
339 3231 447 3312 loquor
469 3230 556 3312 haee,
581 3232 655 3314 quia
677 3232 717 3297 sit
739 3233 840 3297 maior
860 3233 1029 3318 prudentia
1050 3234 1149 3316 nobis,
1190 3234 1197 3315 j

302 3333 359 3399 sed
381 3354 448 3399 sum
473 3355 566 3415 quam
589 3335 713 3399 medico
736 3335 837 3400 notior
859 3336 927 3419 ipse
949 3336 1035 3401 mihi.
1168 3416 1171 3421 ἱ

260 3442 420 3500 attamen
444 3437 503 3501 hoc
525 3438 570 3502 ita
591 3438 640 3518 sit,
664 3457 777 3502 munus
799 3444 853 3501 tua
875 3438 995 3522 grande
1017 3440 1161 3504 voluntas

302 3537 342 3601 ad
365 3558 416 3602 me
439 3540 583 3624 pervenit
606 3541 837 3622 consuhturque
859 3541 943 3605 boni.
