2934 4117
579 182 602 232 7.
621 178 781 235 Quirinalia.

209 359 264 417 aut
284 353 369 433 nive,
392 370 473 435 quae
496 349 633 435 zephyro
656 350 741 414 victa
763 356 890 434 tepente
912 350 989 433 fluit,

167 475 222 539 per
243 461 313 520 sata
334 472 453 539 perque
475 452 543 517 vias
566 453 663 518 fertur
685 472 754 532 nec,
777 459 813 517 ut
834 459 909 519 ante
930 455 1059 535 solebat,

208 557 345 641 riparum
370 556 492 621 clausas
514 555 657 639 margine
679 553 749 619 finit
771 575 886 637 aquas:

166 659 212 725 sio
233 659 325 736 Fabii
347 659 461 724 uallem
483 658 555 723 latis
577 657 771 724 discursibus
791 659 934 743 implent,

209 761 354 844 quodque
376 760 494 842 vident,
517 766 670 842 sternunt,
693 781 753 827 nec
775 768 877 827 metus
898 763 978 826 alter
999 762 1090 827 inest.

166 885 226 947 quo
248 864 347 945 ruitis,
370 884 524 949 generosa
545 862 679 929 domus?
702 864 784 929 mele
806 863 932 930 creditis
954 864 1048 931 hostil

208 968 343 1051 simplex
364 967 522 1048 nobilitas,
544 967 665 1052 perfida
688 969 752 1032 tela
773 970 864 1032 cave!

165 1070 276 1136 fraude
298 1070 379 1154 perit
401 1069 508 1135 virtus.
532 1070 565 1134 in
587 1079 713 1154 apertos
735 1069 874 1153 undique
897 1091 1024 1155 campos

208 1173 372 1258 prosiliunt
393 1172 499 1239 hostes
522 1180 553 1238 et
575 1173 657 1238 latus
679 1193 772 1238 omne
795 1180 912 1239 tenent.

166 1276 241 1359 quid
263 1276 383 1341 faciant
404 1276 498 1361 pauci
522 1283 630 1341 contra
651 1283 697 1341 tot
719 1277 807 1341 milia
828 1276 945 1342 fortes?

209 1379 333 1462 quidve,
357 1378 439 1462 quod
461 1380 494 1444 in
518 1379 631 1445 misero
653 1386 794 1464 tempore
815 1385 921 1460 restet,
944 1379 1055 1445 adest?

165 1484 246 1549 sicut
266 1503 344 1567 aper
364 1484 458 1567 longe
480 1483 568 1548 silvis
589 1483 800 1548 Laurentibus
821 1489 910 1548 actus

208 1586 358 1652 fulmineo
380 1586 497 1651 celeres
520 1585 727 1668 dissipatore
751 1605 855 1666 canes,

166 1710 238 1754 mox
260 1696 367 1753 tamen
389 1689 457 1772 ipse
479 1690 573 1773 perit:
597 1689 642 1754 sic
663 1710 727 1754 non
750 1689 921 1754 moriuntur
942 1690 1032 1755 inulti

208 1793 400 1875 vulneraque
422 1793 543 1857 alterna
566 1791 704 1874 dantque
727 1792 893 1875 feruntque
915 1813 1021 1856 manu.

165 1916 229 1959 una
251 1894 318 1960 dies
340 1895 456 1959 Fabios
477 1894 519 1958 ad
541 1896 658 1960 bellum
679 1895 808 1960 miserat
830 1915 952 1960 ornnes:

207 1998 249 2062 ad
270 1998 386 2064 bellurn
408 1997 521 2062 missos
542 1997 679 2082 perdidit
700 2018 765 2062 una
785 1997 864 2062 dies

166 2107 199 2165 ut
220 2107 326 2166 tamen
349 2101 522 2165 Herculeae
545 2107 746 2185 superessent
768 2101 889 2167 semina
911 2103 1024 2185 gentis,

209 2203 357 2269 credibile
377 2210 428 2269 est
449 2204 535 2289 ipsos
558 2205 751 2270 consuluisse
773 2204 857 2269 deos.

165 2328 238 2372 nam
259 2327 337 2391 puer
358 2307 502 2391 impubes
525 2313 556 2372 et
577 2307 682 2371 adhuc
703 2327 766 2372 non
789 2307 873 2371 utilis
895 2306 990 2371 armis

206 2429 288 2473 unus
310 2408 351 2474 de
373 2409 474 2473 Fabia
495 2416 590 2493 gente
612 2410 738 2474 relictus
761 2416 840 2474 crat:

164 2511 282 2577 scilieet
305 2517 339 2575 ut
360 2531 469 2595 posses
491 2511 565 2576 olim
587 2517 630 2591 tu,
653 2511 801 2593 Maxime,
825 2512 923 2592 nasei,
970 2547 972 2552 ·

208 2614 257 2679 cui
279 2634 330 2679 res
353 2612 528 2679 cunctando
551 2613 746 2679 restituenda
768 2613 856 2680 foret.

368 2794 398 2864 7.
421 2799 487 2866 brt
510 2794 560 2865 17.
581 2797 743 2866 astruat.
783 2797 985 2866 deiciuntur.

162 2924 310 2989 Proxima
331 2924 386 2988 lux
408 2945 509 2989 vacua
531 2930 588 3005 est,
611 2931 645 2988 at
667 2924 759 2989 tertia
781 2923 865 2989 dicta
888 2923 1025 3000 Quirino.

205 3027 259 3109 qui
280 3033 367 3093 tenet
388 3027 448 3092 hoc
469 3048 593 3108 nornen,
616 3028 767 3094 Romulus
788 3034 863 3092 ante
885 3028 952 3093 luit.

161 3130 239 3212 sive,
263 3130 346 3213 quod
367 3129 459 3196 hasta
481 3124 585 3196 ‘curis'
606 3131 717 3215 priscis
741 3136 788 3196 est
811 3130 895 3195 dicta
917 3130 1052 3211 Sabinis

205 3233 335 3299 bellicus
358 3254 378 3298 a
399 3234 461 3298 telo
484 3235 571 3299 venit
592 3235 626 3298 in
647 3240 734 3299 astra
755 3232 846 3318 deus;

161 3336 229 3402 sive
251 3356 308 3401 suo
330 3336 398 3420 regi
420 3356 534 3403 nomen
556 3356 688 3423 posuere
712 3335 857 3417 Quirites,

204 3459 260 3504 seu
283 3439 357 3522 quia
379 3440 529 3505 Romanis
551 3440 698 3504 iunxerat
719 3439 772 3504 ille
795 3440 901 3505 Cures.

160 3563 235 3607 narn
257 3549 347 3627 pater
368 3542 569 3627 armipotens,
591 3549 759 3626 postquam
781 3563 865 3608 nova
886 3543 1010 3608 moenia
1033 3543 1112 3608 vidit

204 3646 363 3728 multaque
385 3645 538 3710 Romulea
559 3646 643 3710 bella
664 3651 793 3729 peracta
814 3665 918 3727 manu,

161 3741 332 3833 ‘luppiter'
355 3748 456 3831 inquit
477 3740 585 3814 ‘hebet
605 3750 748 3814 Romanu
769 3749 910 3833 potentia
932 3748 1027 3814 vires:

212 3865 279 3911 Quies
294 3866 424 3920 uutqmtblte
438 3865 533 3920 <battuta
556 3867 593 3920 (dl.
608 3866 691 3923 qrmtoq
705 3866 726 3910 lu
741 3865 829 3922 leluqlq.)
1019 3873 1034 3921 p
