2934 4117
512 191 536 242 4.
557 187 684 255 ῧτῆῇῐίηᾳ
703 187 730 242 tu
749 187 833 259 boort.

161 382 254 447 poma
276 365 373 444 negat
394 360 491 444 regio,
514 379 574 426 nec
597 360 727 426 baberet
749 359 909 442 Acontius,
932 360 966 425 in
989 380 1049 442 quo
1110 386 1112 391 ’

204 465 353 546 scriberet
374 462 427 529 bic
449 462 595 529 dominae
617 463 715 528 verba
736 461 873 547 legenda
895 483 981 528 suae.

161 567 340 652 adspiceres
362 565 463 632 nudos
485 566 553 631 sine
575 564 696 647 fronde,
719 566 788 631 sine
809 568 921 633 arbore
943 586 1084 651 campos:

203 669 266 736 heu
288 670 357 734 loca
378 668 462 734 felici
484 689 547 734 non
569 667 718 733 adeunda
739 668 820 735 viro!

162 792 237 855 ergo
259 777 325 836 tam
346 772 410 837 late
432 777 539 856 pateat
562 790 633 836 cum
655 771 812 837 maximus
834 772 927 852 orbis,

203 874 282 940 haec
305 880 352 941 est
374 875 407 939 in
429 879 669 959 poenamterra
689 880 815 958 reperta
836 876 952 939 meam!

469 1053 505 1125 4.
527 1057 690 1139 stultior·
712 1057 750 1124 tc
771 1054 879 1125 cccc

161 1185 292 1269 Frigora
313 1183 377 1248 iam
400 1182 529 1268 zephyri
551 1183 706 1265 minuunt,
729 1166 875 1265 annoque
896 1188 1040 1271 peracto
1071 1166 1074 1171 ’

205 1287 327 1370 longior
348 1286 486 1370 antiquis
507 1287 577 1352 visa
598 1286 730 1352 Maeotis
753 1285 868 1352 hiems:

161 1390 401 1474 impositamque
424 1390 483 1455 sibi
506 1389 559 1472 qui
581 1410 645 1455 non
667 1391 750 1455 bene
771 1389 899 1473 pertulit
920 1389 1041 1471 Hellen,

204 1500 345 1578 tempora
366 1494 526 1560 nocturnis
548 1513 650 1576 aequa
672 1493 784 1558 diurna
805 1492 890 1558 facit.

160 1596 224 1662 iam
246 1596 362 1662 violam
383 1597 535 1682 puerique
555 1597 666 1687 legunt
686 1595 865 1678 hilaresque
886 1594 1018 1679 puellae,

202 1699 319 1765 rustica
341 1720 422 1783 quae
444 1701 529 1765 nullo
551 1706 627 1764 nata
649 1703 775 1764 serente
795 1699 891 1765 venit.

161 1809 313 1886 prataque
334 1803 511 1886 pubescunt
533 1802 690 1868 variorum
711 1801 788 1867 flore
811 1802 960 1867 colorum:

204 1904 393 1989 indocilique
415 1906 532 1988 loquax
553 1910 678 1990 gutture
700 1911 812 1970 vernat
833 1904 911 1970 aris.

161 2012 257 2090 utque
279 2008 381 2072 malac
403 2009 512 2073 matris
535 2009 652 2074 crimen
674 2007 821 2091 deponat,
844 2006 978 2072 hirundo

205 2111 262 2175 sub
286 2111 428 2177 trabibus
450 2131 547 2175 cunas
569 2116 716 2192 tectaque
739 2130 838 2195 parva
859 2108 944 2174 facit.

162 2213 330 2296 herbaque,
355 2233 435 2296 quae
457 2213 548 2278 latuit
572 2212 746 2279 Cerialibus
767 2214 878 2279 obruta
901 2212 1003 2294 sulcis,

204 2315 271 2381 exit
293 2322 325 2381 et
346 2315 500 2400 expandit
520 2317 613 2380 molle
636 2335 787 2380 cacumen
808 2314 911 2380 humo.

162 2439 285 2502 quoque
307 2419 374 2484 loco
397 2424 445 2483 est
467 2419 549 2499 vitis,
574 2418 614 2483 de
636 2419 766 2503 palmite
787 2438 913 2502 gemma
935 2424 1089 2484 movetur:
1195 2414 1197 2421 ’

203 2543 278 2587 nam
299 2522 408 2607 procul
429 2542 450 2587 a
472 2522 582 2588 Getico
603 2522 692 2587 litore
714 2522 788 2587 vitis
809 2523 908 2588 abest.

162 2644 284 2707 quoque
306 2626 374 2691 loco
396 2631 444 2690 est
465 2625 567 2706 arbor,
591 2626 741 2709 turgescit
761 2625 795 2689 in
817 2626 928 2690 arbore
950 2645 1069 2689 ramus:

204 2748 278 2793 nam
299 2729 406 2812 procul
428 2749 448 2791 a
471 2728 588 2794 Geticis
609 2727 726 2793 finibus
748 2729 841 2794 arbor
862 2728 960 2793 abest.

162 2830 225 2895 otia
247 2851 332 2913 nunc
354 2831 431 2912 istis,
454 2830 631 2913 iunctisque
654 2851 695 2895 ex
717 2829 827 2897 ordine
848 2828 930 2895 ludis

205 2933 321 2998 cedunt
342 2933 467 3000 verbosi
488 2935 615 3018 garrula
636 2933 721 2999 bella
741 2932 810 2998 fori.

162 3036 248 3102 lusus
271 3036 360 3118 equis
381 3042 545 3116 nune-est,
568 3036 692 3101 levibus
714 3055 799 3100 nunc
820 3035 937 3100 luditur
958 3026 1064 3118 armis,

205 3157 289 3202 nunc
310 3138 383 3221 pila,
405 3158 491 3202 nuno
512 3138 606 3203 celeri
627 3139 759 3204 vertitur
781 3138 857 3206 orbe
878 3137 1013 3220 trochus,

163 3240 323 3305 nuncubi
344 3239 473 3324 perfusa
494 3248 542 3307 est
563 3241 631 3306 oleo
653 3241 780 3306 labente
802 3241 957 3322 inventus,

206 3342 346 3418 defessos
368 3349 454 3408 artus
476 3344 607 3428 Virgine
629 3344 744 3428 tinguit
766 3364 857 3426 aqua.

164 3465 279 3511 scaena
300 3446 397 3529 riget,
421 3447 594 3530 studiisque
616 3447 706 3513 favor
729 3447 917 3513 distantibus
940 3448 1039 3531 ardet,

206 3568 324 3633 proque
346 3549 446 3615 tribus
467 3557 616 3615 resonant
637 3557 728 3615 terna
749 3549 872 3615 theatra
892 3549 976 3615 foris.

164 3671 182 3716 o
206 3657 325 3733 quater,
347 3672 366 3717 o
388 3653 532 3734 quotiens
553 3673 618 3717 non
640 3659 688 3717 est
710 3673 884 3734 numerare,
907 3652 1044 3734 beatum,

206 3773 269 3818 non
291 3753 459 3819 interdicta
481 3756 530 3820 cui
551 3755 625 3821 licet
646 3756 724 3820 urbe
746 3755 819 3820 riui!

1204 2646 1236 2694 15

1203 3161 1237 3208 20

1206 3675 1237 3721 25
