2934 4117
610 146 648 200 13.
673 144 816 228 heuque

185 321 218 384 in
240 324 373 384 rostrum
396 325 427 383 et
448 318 573 403 plumas
595 326 626 382 et
646 316 782 400 grandia
803 317 922 382 lumina
944 318 1046 384 vertit.

184 421 237 487 illc
259 421 320 487 sihi
341 421 466 486 ablatus
487 419 584 485 fulvis
604 418 749 486 amicitur
770 419 803 485 in
825 420 883 485 alis

184 524 281 607 inque
303 529 397 608 caput
419 523 530 589 crescit
551 522 724 606 longosque
746 523 915 588 reflectitur
938 543 1059 607 ungues

186 626 303 710 vixque
325 631 431 692 movet
452 631 544 692 natas
565 645 622 710 per
643 626 758 690 inertia
779 626 927 691 bracchia
948 645 1070 711 pennas

186 728 340 812 foedaque
361 728 398 793 dt
419 728 563 810 volucris,
586 729 711 794 venturi
733 729 845 794 nuntia
865 730 977 811 luctus,

186 831 321 916 ignavus
342 831 436 914 bubo,
459 830 563 896 dirum
584 832 769 897 mortalibus
790 851 892 898 omen.
956 823 959 832 ’

228 935 287 1000 Hic
309 942 415 1000 tamen
436 934 554 1000 indicio
575 955 709 1019 poenam
730 935 901 1018 linguaque
922 935 1023 1002 videri

186 1038 407 1103 commeruisse
428 1044 545 1122 potest:
568 1037 668 1118 vobis,
691 1037 890 1120 Acheloides,
913 1038 998 1104 unde

185 1141 291 1225 pluma
313 1140 473 1225 pedesque
495 1140 611 1221 avium,
636 1160 706 1205 cum
729 1140 861 1224 virginis
883 1162 938 1206 ora
959 1141 1099 1224 geratis?

185 1263 228 1308 an
250 1243 333 1325 quia,
357 1262 429 1307 cum
450 1243 569 1327 legeret
591 1262 705 1308 vernos
725 1243 914 1327 Proserpina
936 1243 1037 1324 flores,
1230 1263 1279 1311 140

185 1347 219 1410 in
241 1346 389 1411 comitum
411 1366 549 1427 numero,
573 1346 684 1411 doctae
707 1346 842 1427 Sirenes,
866 1346 982 1412 eratis?

186 1469 280 1530 quam
301 1454 467 1533 postquam
489 1454 554 1514 toto
576 1448 692 1515 frustra
715 1448 882 1531 quaesistis
903 1449 935 1513 in
959 1450 1044 1530 orbe,

186 1551 328 1636 protinus
349 1559 385 1616 ut
405 1557 543 1617 vestram
566 1552 719 1617 sentirent
740 1571 878 1635 aequora
901 1572 1016 1634 curam,

186 1673 278 1739 posse
300 1673 394 1739 super
417 1652 530 1719 fluctus
550 1654 671 1719 alarum
693 1653 839 1719 insistere
860 1654 955 1720 remis

186 1756 316 1841 optastis
338 1754 510 1839 facilesque
532 1756 607 1822 deos
629 1756 783 1822 habuistis
806 1762 838 1821 et
859 1762 945 1822 artus

185 1858 309 1925 vidistis
330 1865 452 1925 vestros
474 1859 585 1925 subitis
606 1858 778 1924 flavescere
799 1859 922 1942 pennis.

185 1981 227 2026 nc
248 1968 354 2026 tamen
376 1961 428 2025 ille
451 1980 545 2026 canor
566 1961 749 2028 mulcendas
770 1968 864 2027 natus
885 1962 926 2027 ad
948 1983 1041 2029 aures

186 2070 336 2146 tantaque
358 2063 415 2128 dos
437 2063 499 2129 oris
520 2063 648 2147 linguae
670 2063 858 2148 deperderet
878 2084 979 2146 usum,

186 2166 321 2248 virginei
342 2166 448 2231 vultus
470 2173 502 2232 et
522 2186 586 2231 vox
608 2164 747 2232 humana
768 2167 928 2233 remansit.

229 2269 271 2332 At
292 2267 415 2350 medius
437 2266 604 2351 fratrisque
627 2268 675 2334 sui
697 2275 899 2353 maestaeque
922 2271 1035 2336 sororis

186 2370 327 2454 Iuppiter
349 2389 390 2434 ex
413 2389 513 2452 aequo
536 2371 715 2436 volventem
738 2359 851 2436 dividit
872 2392 1001 2437 annum.

186 2492 271 2537 nunc
292 2471 362 2553 dea,
384 2492 551 2556 regnorum
573 2493 689 2538 numen
712 2493 876 2539 commune
899 2474 1039 2557 duorum,
1114 2555 1117 2560 ⁴

187 2595 258 2640 cum
280 2581 380 2640 matre
402 2581 452 2641 est
471 2568 611 2657 totidem,
635 2576 765 2641 totidem
788 2597 858 2642 cum
882 2578 1014 2666 coniuge
1037 2598 1171 2643 menses

186 2679 317 2743 vertitur
339 2678 497 2763 extemplo
518 2677 617 2745 iacies
639 2686 671 2744 et
692 2682 807 2746 mentis
830 2687 861 2746 et
883 2682 958 2745 oris:

186 2802 260 2846 nam
283 2780 376 2845 modo
399 2800 480 2864 quae
501 2788 625 2866 poterat
647 2783 713 2846 Diti
737 2803 860 2865 quoque
881 2790 1004 2849 maesta
1025 2784 1135 2866 videri,
1232 2804 1279 2852 155

187 2884 270 2947 laeta
292 2882 371 2948 deae
394 2884 480 2949 frons
503 2889 560 2965 est,
583 2891 618 2949 ut
641 2886 696 2966 sol,
720 2885 775 2967 qui
796 2891 897 2950 tectus
919 2888 1046 2968 aquosis

187 2982 324 3051 nubibui
346 2992 421 3051 ante
443 2986 512 3067 fuit,
535 2987 628 3053 victis
650 3007 668 3053 e
688 2988 828 3053 nubibus
850 2989 925 3053 exit.

270 3164 321 3235 13.
352 3166 496 3250 seuque
517 3168 599 3237 utut
623 3168 659 3236 ts
683 3170 751 3236 etue
772 3170 899 3252 Suissa
920 3171 1129 3238 setuuutslt.

230 3292 371 3357 Intendit
393 3294 467 3360 latis
488 3295 629 3359 animum
651 3295 794 3361 Tritonia
817 3295 989 3377 Arachnes,

189 3416 283 3479 quam
304 3396 366 3461 sibi
388 3396 533 3462 lanificae
555 3419 618 3462 non
642 3397 754 3463 cedere
776 3400 922 3466 laudibus
944 3400 1020 3465 artis

188 3497 338 3564 audierat.
363 3519 425 3565 non
447 3500 502 3565 illa
524 3501 592 3566 loco
614 3522 717 3586 neque
739 3502 860 3586 origine
881 3504 986 3588 gentis

190 3603 282 3683 clara,
304 3601 362 3667 sed
383 3610 450 3667 arte
471 3603 540 3669 fuit.
585 3611 675 3688 pater
696 3606 770 3671 huic
793 3607 1004 3692 Colophonius
1026 3605 1138 3670 Idmon

189 3704 342 3771 Phocaico
365 3706 489 3773 bibulas
511 3708 675 3792 tinguebat
698 3712 814 3776 murico
836 3711 935 3790 lanas,
