2934 4117
238 168 281 232 54
640 177 872 256 fflietomotptpoten.
894 219 896 222 -

239 357 307 441 ipse
330 376 389 440 ego
411 378 500 423 saera
522 358 590 423 Iovi
612 377 668 441 pro
691 378 743 423 me
764 360 927 443 patriaque
949 347 1111 443 tribusque

239 479 310 523 eum
331 459 468 525 facerem
490 460 581 541 natis,
605 461 743 544 mugitus
765 461 893 526 victima
915 463 998 528 diros

240 560 338 627 edidit
361 568 393 627 et
414 563 517 628 subito
540 562 677 646 oollapsa
698 564 767 628 sine
788 564 903 629 ietibus
924 566 1011 630 ullis?

240 664 354 746 exiguo
377 664 472 729 tinxit
494 665 650 731 subiectos
673 666 827 749 sanguine
845 668 972 732 ‘cultros

239 767 319 832 fibra
341 787 463 850 quoque
485 788 582 851 aegra
604 773 694 834 notas
716 769 783 834 veri
805 770 1003 854 monitusque
1020 760 1155 836 'deorum

185 957 187 961 ι
239 869 430 952 perdiderat:
454 871 559 937 tristes
581 877 748 955 penetrant
769 871 811 935 ad
833 872 955 937 viscera
976 874 1084 938 morbi.

239 977 313 1037 ante
334 991 440 1038 saeros
462 971 527 1037 vidi
549 974 687 1057 proiecta
709 973 865 1039 cadavera
887 981 1000 1058 postes,

239 1081 312 1139 ante
334 1075 429 1159 ipsas,
453 1095 513 1158 quo
536 1096 619 1142 mors
641 1076 721 1141 foret
742 1076 935 1159 invidiosior,
958 1098 1037 1142 aras.

239 1197 312 1261 pars
333 1178 470 1242 animam
492 1180 604 1260 laqueo
627 1178 776 1243 claudunt
797 1179 967 1261 mortisque
989 1181 1130 1244 timorem

239 1285 337 1344 morte
359 1281 472 1363 fugant
493 1281 635 1362 ultroque
657 1288 772 1345 vooant
793 1281 953 1346 venientia
975 1282 1048 1346 fata.

240 1401 368 1466 corpora
389 1384 486 1448 missa
507 1383 577 1447 neoi
599 1383 694 1472 nullis
715 1383 755 1448 de
777 1404 862 1448 more
884 1383 1026 1448 feruntur

239 1485 416 1570 funeribus;
440 1506 542 1569 neque
566 1487 647 1551 enim
672 1487 840 1571 capiebant
860 1487 973 1551 funera
994 1493 1110 1571 portae.

185 1623 187 1628 ·
239 1593 295 1651 aut
316 1587 479 1652 inhumata
501 1595 648 1672 premunt
670 1595 778 1669 terras,
802 1594 857 1652 aut
878 1587 993 1652 dantur
1014 1589 1046 1652 in
1069 1590 1149 1653 altos

239 1689 379 1755 indotata
400 1707 501 1773 rogos.
540 1698 571 1755 et
592 1691 656 1755 ianr
678 1691 855 1757 reverentia
876 1690 963 1755 nulla
984 1696 1040 1755 est.

240 1791 341 1874 deque
363 1793 448 1876 rogis
469 1799 613 1877 pugnant
634 1794 808 1875 alienisque
830 1793 957 1876 ignibus
979 1791 1099 1856 ardent.

240 1895 293 1978 qui
313 1896 486 1978 laoriment,
509 1894 632 1977 desunt,
655 1894 885 1978 indefletaeque
907 1901 1062 1978 vagantur

240 2003 383 2062 natorum
404 2004 590 2083 patrumque
611 1999 736 2063 animae
758 1999 969 2080 iuvenumque
991 2017 1172 2079 senumque,

200 2127 202 2134 ⁴
240 2119 299 2164 neo
319 2100 407 2165 loeus
427 2100 461 2164 in
483 2101 626 2182 tumulos,
650 2120 710 2165 neo
732 2100 848 2165 suffieit
869 2100 961 2165 arbor
982 2100 1015 2164 in
1037 2101 1137 2181 ignes.

282 2203 441 2268 Attonitus
463 2208 551 2268 tanto
573 2203 757 2268 miserarum
780 2196 903 2267 turbine
924 2222 1028 2266 rerum

240 2298 392 2389 ‘Iuppiter
413 2300 457 2370 oi'
480 2304 556 2385 dixi,
580 2298 681 2370 ‘vates
704 2306 730 2370 si
753 2325 829 2368 vera
851 2305 1028 2387 loquuntur,

240 2427 299 2471 neo
321 2413 361 2487 te,
385 2426 499 2491 magne
521 2414 619 2491 pater,
644 2408 742 2472 nostri
764 2405 863 2491 pudet
885 2426 954 2471 esse
977 2412 1148 2489 parentem,

239 2517 294 2573 aut
316 2509 392 2573 mihi
413 2508 510 2574 redde
533 2529 628 2590 meos,
651 2516 706 2573 aut
728 2528 780 2573 me
802 2527 926 2591 quoque
949 2507 1048 2572 eonde
1070 2504 1233 2591 sepulcro?

240 2614 291 2677 ille
313 2618 420 2677 notam
442 2612 562 2695 fulgore
585 2612 672 2677 dedit
694 2613 871 2694 tonitruque
893 2611 1039 2677 seeundo.

240 2708 380 2799 ‘aoeipiq
404 2715 528 2797 sintque
550 2715 620 2795 ista,
643 2735 762 2799 preeor,
786 2715 890 2780 felicia
911 2715 1026 2779 mentis

241 2817 333 2899 sigua
355 2812 438 2880 tuae'
460 2815 541 2902 dixi,
565 2810 660 2899 ‘quod
682 2817 741 2881 das
763 2817 848 2898 mihi,
871 2817 1018 2900 pigneror
1040 2810 1154 2880 omen.³

241 2919 319 2984 sorte
341 2918 401 2984 fuit
422 2919 512 2983 iuxta
533 2919 649 3003 patulis
671 2920 830 2984 rarissima
851 2920 946 2984 ramis

241 3042 330 3086 saara
352 3022 419 3086 Iovi
443 3041 574 3101 quereus
597 3020 636 3086 de
659 3023 778 3086 semine
800 3020 981 3108 Dodonaeo.

229 3124 293 3188 ¹hie
315 3144 372 3188 nos
396 3123 565 3207 frugilegas
587 3123 791 3208 adspeximus
814 3109 940 3208 agmine
962 3125 1056 3207 longo

240 3224 361 3308 grande
383 3246 461 3291 onus
484 3226 599 3308 exiguo
621 3226 768 3291 formicas
791 3246 844 3291 ore
866 3232 1013 3309 gerentes

242 3348 416 3410 rugosoque
439 3348 530 3392 suum
552 3334 715 3394 servantes
739 3329 853 3394 eortioe
876 3329 995 3392 sallem.

242 3430 315 3496 dum
338 3451 500 3494 numerum
522 3431 625 3511 miror,
648 3424 798 3512 ‘totidem
821 3437 911 3515 pater
932 3422 1070 3514 optime,’
1093 3426 1159 3491 dixi

242 3526 286 3597 ‘tu
308 3531 384 3596 mihi
407 3531 449 3597 da
471 3533 556 3597 aives
578 3541 610 3597 et
631 3534 738 3598 inania
759 3533 885 3598 moenia
907 3526 1038 3616 supple.²

242 3634 402 3699 intremuit
423 3635 579 3717 ramisque
602 3656 712 3701 sonum
734 3636 802 3701 sino
824 3634 950 3699 flamine
973 3632 1065 3698 motis

244 3737 307 3802 alta
329 3736 416 3801 dedit
438 3757 578 3820 quereus.
623 3736 739 3823 pavido
761 3737 838 3801 mihi
861 3737 1001 3802 membra
1022 3736 1131 3800 timore
1285 3753 1334 3798 roo
