2934 4117
366 205 407 258 28.
426 201 480 257 ther
498 200 645 274 &troitum
662 168 700 256 bie
718 200 817 271 Quies
835 201 879 258 tet
896 200 1009 270 adridet.
1158 181 1197 248 91

173 394 233 440 nec
253 395 349 455 mora,
374 373 470 458 „quid
493 374 618 440 facitis?
640 394 721 459 quae
742 393 800 441 vos
822 372 999 439 dementia“
1024 372 1091 441 diri

176 480 341 563 „concitat
364 498 383 542 o
404 476 491 559 socii,
515 482 639 562 captam
662 475 819 543 dimittere
840 476 988 543 'Ihciam‘l

174 578 289 663 quidve
311 578 438 646 domum
459 580 549 646 sertis
570 579 701 662 decimo,
724 580 786 646 nisi
809 579 954 662 dedecus,
976 579 1101 646 anuo?“

173 684 288 749 talibus
309 689 404 766 atque
426 683 506 766 aliis,
528 684 560 748 in
584 703 665 767 quae
687 681 775 749 dolor
796 683 864 768 ipse
886 683 1036 749 disertum

173 786 300 867 fecerat,
323 805 450 852 aversos
472 786 607 872 profuga
628 785 669 851 de
691 787 791 852 classe
813 785 934 852 reduxi.

36 959 42 963 ,
174 908 233 954 neo
253 887 495 956 Telamoniades
517 889 612 955 etiam
632 910 717 955 nunc
739 888 861 955 hiscere
883 889 1050 972 quicquam

173 990 277 1058 audet.
311 999 345 1058 at
366 1012 462 1059 ausus
484 1002 551 1059 erat
573 1012 665 1078 reges
687 993 845 1059 incessere
867 990 959 1058 dictis

173 1095 341 1177 Thersites,
365 1097 459 1162 etiam
482 1116 539 1182 per
560 1116 612 1162 me
633 1095 718 1162 haud
740 1096 878 1182 impune,
902 1096 1064 1182 protervis.

174 1199 276 1284 erigor
297 1207 329 1265 et
349 1198 490 1284 trepidos
513 1199 598 1265 cives
620 1199 768 1265 exhortor
788 1201 822 1265 in
844 1199 965 1266 hostem

174 1302 383 1385 amissamque
404 1322 476 1368 mea
496 1302 644 1368 virtutem
665 1323 745 1369 voce
766 1322 891 1387 repono.

174 1412 313 1489 tempore
334 1405 376 1470 ab
399 1404 459 1469 hoc
480 1404 696 1489 quodcumque
717 1412 822 1490 potest
843 1405 956 1471 iecisse
976 1403 1077 1471 videri

174 1506 295 1572 fortiter
316 1507 386 1588 iste,
409 1527 514 1573 meum
536 1515 593 1593 est,
618 1508 671 1592 qui
694 1507 822 1574 dantem
844 1514 934 1593 terga
955 1507 1082 1574 retraxi.

216 1609 363 1693 Denique
385 1609 425 1676 de
446 1610 567 1677 Danais
589 1611 660 1694 quis
682 1617 714 1676 te
735 1609 884 1677 laudatve
905 1609 1047 1695 petitae?

174 1720 206 1776 at
228 1732 286 1777 sua
306 1711 448 1796 Tydides
470 1732 593 1779 mecum
616 1714 823 1779 communicat
844 1718 925 1794 acta,

98 1888 100 1893 ⁴
175 1834 225 1880 me
246 1814 359 1899 probat
381 1821 413 1880 et
434 1814 518 1882 socio
540 1835 663 1901 semper
686 1815 814 1881 confidit
835 1816 938 1882 Ulixe.

175 1923 223 1982 cst
243 1916 372 2000 aliquid,
396 1915 436 1983 de
458 1924 504 1985 tot
526 1919 689 1986 Graiorum
711 1918 839 1985 milibus
860 1939 955 1984 unum

175 2041 194 2084 a
215 2019 369 2086 Diomede
390 2021 470 2111 legii*
490 2041 550 2086 nec
571 2041 622 2086 me
645 2041 711 2089 sors
732 2021 779 2087 ire
800 2022 943 2087 iubebat:

176 2123 220 2187 sio
242 2128 348 2188 tamen
370 2129 403 2187 et
423 2131 529 2208 spreto
552 2125 714 2208 noctisque
736 2123 897 2208 hostisque
918 2124 1034 2209 periclo

175 2244 284 2290 ausum
309 2223 429 2306 eadem,
453 2246 534 2309 quae
554 2247 614 2293 nos
633 2226 778 2311 Phrygia
798 2226 839 2292 de
860 2233 956 2311 gente
976 2227 1100 2291 Dolona

175 2328 333 2394 interimo:
357 2349 419 2395 non
442 2335 517 2394 ante
538 2337 655 2410 tamen,
678 2349 773 2413 quam
793 2337 909 2396 cuncta
929 2330 1019 2413 coegi

175 2429 306 2514 prodere
329 2437 360 2496 et
382 2430 506 2512 edidici,
531 2431 606 2515 quid
628 2431 749 2518 perfida
769 2433 863 2499 Troia
884 2438 1038 2517 pararet·

175 2533 281 2597 omnia
302 2553 470 2618 cognoram
493 2555 562 2616 neo,
586 2535 669 2619 qnod
691 2536 878 2620 specularer,
900 2533 1065 2617 habebam,

176 2640 208 2700 et
229 2635 292 2700 iam
314 2637 468 2720 promissa
489 2643 629 2722 poteram
652 2659 723 2703 oum
745 2638 839 2704 laude
860 2638 989 2705 reverti:

177 2736 259 2802 haud
284 2745 447 2806 contentus
470 2760 507 2806 eo
528 2740 605 2826 petii
628 2742 763 2808 tentoria
783 2741 880 2809 Rhesi

176 2840 271 2923 inque
293 2841 358 2907 suis
380 2841 483 2927 ipsum
506 2844 616 2909 castris
638 2844 830 2928 comitesque
850 2844 977 2929 peremi.

176 2949 271 3026 atque
291 2943 337 3009 ita
360 2944 484 3029 captivo
506 2945 607 3012 victor
628 2947 773 3031 votisque
794 2947 912 3032 potitus

176 3045 335 3130 ingredior
358 3067 448 3112 curm
470 3049 568 3115 laetos
589 3049 733 3116 imitante
755 3049 938 3135 triumphos.

178 3148 265 3214 cuins
287 3169 384 3232 equos
406 3152 539 3235 pretium
562 3173 619 3237 pro
641 3159 732 3219 nocte
754 3159 939 3238 poposcerat
959 3152 1067 3235 hostis,

178 3269 265 3315 arma
286 3258 402 3336 negate
424 3252 510 3335 mihi,
534 3254 689 3338 fueritque
711 3255 879 3341 benignior
899 3255 997 3321 Aiax!

178 3352 254 3435 quid
274 3354 366 3438 Lycii
387 3355 521 3421 referam
545 3356 736 3442 Sarpedonis
757 3359 885 3444 agmina
906 3357 988 3424 ferro

178 3454 342 3522 devastata
364 3459 456 3524 meo?
479 3479 550 3525 cum
573 3460 669 3525 multo
692 3462 847 3547 sanguine
869 3460 936 3526 fudi

178 3557 342 3625 Coeranon
363 3560 523 3646 Iphitiden
546 3569 577 3628 et
598 3564 805 3645 Alastoraque
828 3564 1069 3646 Chromiumque

179 3660 429 3746 Alcandrumque
451 3665 638 3749 Haliumque
661 3667 886 3751 Noemonaque
907 3667 1141 3751 Prytanimque,

179 3763 338 3848 exitioque
359 3764 431 3832 dedi
456 3788 524 3833 cum
550 3768 808 3836 Chersidamante
829 3769 959 3854 Thoona
1066 3820 1072 3839 s
