2934 4117
499 214 501 219 ·
536 189 558 242 8.
579 185 817 256 &elbitbicqropbla
1129 172 1189 236 169

163 360 249 440 scite,
272 379 390 444 precor,
414 378 542 425 causam
562 379 681 424 -nec
703 379 760 425 vos
782 360 859 426 milri
882 360 991 426 fallere
1014 361 1062 427 fas
1085 369 1133 427 est
1149 400 1189 410 -

206 483 340 528 errorem
363 463 476 544 iussae,
499 484 563 529 non
585 464 696 544 scelus,
720 483 790 528 esse
811 464 916 547 fugae.

164 567 308 632 Manibus
330 566 390 631 hoc
412 567 489 632 satis
512 574 568 632 est.
591 565 721 648 advos,
745 567 893 648 studiosa,
916 574 1064 649 revertor,

205 677 341 754 pectora,
365 670 418 754 qui
439 671 525 736 vitae
548 670 697 752 quaeritis
718 676 790 735 acta
811 691 909 736 meae.

164 774 225 837 iarn
248 772 325 837 mihi
348 773 479 837 canities
500 772 599 856 pulsis
620 773 802 840 melioribus
824 775 916 839 annis

143 913 145 917 ¹
205 882 345 958 venerat,
367 876 514 959 antiquas
536 875 766 960 miscueratque
789 897 903 958 comas,
987 894 990 901 ·

162 987 295 1064 postque
316 998 402 1045 meos
424 986 509 1044 crtus
531 980 643 1044 Pisaea
665 980 790 1045 vinctus
812 981 896 1046 oliva

205 1083 379 1147 abstulerat
401 1082 506 1146 decies
527 1083 668 1167 praemia
689 1083 789 1148 vietor
811 1103 918 1165 equus,

164 1206 234 1252 cum
256 1185 351 1250 maris
373 1185 490 1249 Euxini
512 1186 630 1269 positos
652 1185 694 1250 ad
716 1187 808 1251 laeva
829 1188 970 1253 Tomitas

207 1308 356 1371 quaerere
378 1308 429 1352 me
450 1289 527 1352 laesi
548 1288 699 1373 principis
720 1288 768 1354 ira
789 1290 885 1356 iubet.

164 1412 260 1458 causa
280 1412 370 1457 meae
393 1392 512 1457 cunctis
533 1391 674 1456 nimium·
687 1412 810 1476 quoque
832 1399 907 1459 nota
928 1394 1037 1459 ruinae

206 1496 323 1561 indicio
345 1516 409 1560 non
432 1502 480 1561 est
502 1495 700 1560 testificanda
722 1516 801 1561 meo.

86 1598 89 1604 ’
165 1599 239 1683 quid
261 1598 395 1664 referam
418 1599 628 1681 comitumque
650 1598 741 1664 nefas
763 1599 961 1681 famulosque
983 1599 1155 1664 nocentes?

207 1704 276 1786 ipsa
298 1703 397 1766 multa
418 1701 476 1765 tuli
497 1722 560 1767 non
583 1702 700 1767 leviora
723 1701 807 1786 fuga.

164 1805 329 1888 indignata
350 1805 442 1869 malis
463 1824 554 1868 mens
576 1811 624 1869 est
645 1806 849 1870 succumbere
872 1824 968 1888 seque

207 1908 363 1992 praestitit
384 1907 535 1972 invictam
557 1907 677 1972 viribus
699 1927 757 1972 usa
778 1909 852 1973 suis.

164 2012 340 2093 oblitusque
362 2010 424 2075 mei
447 2008 622 2092 ductaeque
643 2030 702 2093 per
721 2011 786 2075 otia
807 2010 892 2076 vitae

207 2113 334 2180 insolita
355 2113 425 2197 cepi
446 2113 596 2197 temporis
616 2134 705 2178 arma
725 2134 830 2178 manu.

164 2225 274 2301 totque
295 2217 353 2281 tuli
374 2222 457 2280 terra
479 2235 571 2281 casus
592 2216 777 2300 pelagoque,
801 2222 876 2299 quot
897 2216 979 2282 inter

206 2320 362 2387 occultum
384 2319 494 2384 stellae
516 2320 781 2403 conspicuumque
802 2320 918 2403 polum.

163 2431 248 2490 tacta
270 2423 348 2487 mihi
369 2421 498 2486 tandem
520 2421 623 2506 longis
645 2422 800 2488 erroribus
822 2428 893 2488 acto

206 2529 313 2592 iuncta
334 2524 523 2610 pharetratis
545 2524 697 2591 Sarmatis
718 2544 773 2590 ora
796 2524 892 2590 Getis.

162 2631 215 2695 hic
237 2650 296 2714 ego
317 2628 459 2715 finitimis
481 2628 625 2710 quamvis
648 2626 858 2694 circumsoner
879 2629 983 2710 armis,

206 2733 317 2814 tristia,
341 2751 402 2814 quo
423 2750 561 2814 possum,
584 2730 722 2795 carmine
745 2730 811 2796 fata
831 2730 912 2796 levo.

163 2834 246 2918 quod
269 2834 413 2917 quamvis
434 2853 528 2898 nemo
551 2839 608 2914 est,
632 2833 719 2899 cuius
742 2833 895 2899 referatur
916 2832 959 2897 ad
980 2853 1081 2914 aures,
1206 2860 1253 2908 10⁶

206 2938 252 3003 sic
273 2944 380 3001 tamen
402 2936 533 3001 absumo
556 2935 742 3019 decipioque
765 2936 858 3001 diem.

163 3060 236 3124 ergo
259 3039 343 3123 quod
364 3040 438 3104 vivo
460 3039 608 3122 durisque
630 3039 790 3104 laboribus
811 3038 911 3118 obsto,

205 3162 266 3207 nec
287 3162 338 3207 me
360 3142 510 3207 sollicitae
533 3141 639 3206 taedia
660 3142 739 3206 lucis
761 3141 888 3221 habent,

162 3245 274 3330 gratia,
297 3243 395 3326 Musa,
418 3245 485 3309 tibi.
509 3265 584 3309 nam
606 3250 640 3308 tu
662 3245 779 3309 solacia
800 3244 943 3329 praebes,

206 3356 240 3413 tu
263 3367 355 3412 curae
377 3348 511 3430 requies,
534 3353 568 3411 tu
589 3347 747 3412 medicina
769 3347 868 3412 venis.

162 3449 284 3515 tudun
306 3455 338 3514 et
360 3469 465 3516 comes
488 3470 531 3532 es,
554 3457 588 3515 tu
610 3470 668 3515 nos
690 3449 822 3516 abducis
843 3450 885 3515 ab
907 3449 1013 3514 Histro

205 3554 238 3618 in
260 3551 426 3636 medioque
448 3554 526 3618 milri
547 3552 605 3619 das
626 3554 779 3618 Helicone
801 3555 912 3618 locum.

163 3667 196 3722 tu
218 3657 306 3739 milri,
329 3656 413 3740 quod
434 3678 538 3723 rarum
561 3664 617 3739 est,
640 3657 713 3723 vivo
737 3658 869 3723 sublime
891 3657 1006 3723 dedisti

204 3780 329 3842 nomen,
352 3762 393 3827 ab
417 3761 576 3843 exsequiis
598 3759 681 3845 quod
703 3760 779 3825 dare
801 3759 886 3824 fama
908 3761 994 3825 solet.
