<?xml version="1.0" encoding="UTF-8"?>
<!DOCTYPE html PUBLIC "-//W3C//DTD XHTML 1.0 Transitional//EN"
    "http://www.w3.org/TR/xhtml1/DTD/xhtml1-transitional.dtd">
<html xmlns="http://www.w3.org/1999/xhtml" xml:lang="en" lang="en">
 <head>
  <title>
</title>
<meta http-equiv="Content-Type" content="text/html;charset=utf-8" />
  <meta name='ocr-system' content='tesseract 3.04.00' />
  <meta name='ocr-capabilities' content='ocr_page ocr_carea ocr_par ocr_line ocrx_word'/>
</head>
<body>
  <div class='ocr_page' id='page_1' title='image "ausgewhltegedic00sedlgoog_0130.png"; bbox 0 0 2934 4117; ppageno 0'>
   <div class='ocr_carea' id='block_1_1' title="bbox 280 159 910 248">
    <p class='ocr_par' dir='ltr' id='par_1_1' title="bbox 280 159 910 248">
     <span class='ocr_line' id='line_1_1' title="bbox 280 159 910 248; baseline 0 -15"><span class='ocrx_word' id='word_1_1' title='bbox 280 159 342 224; x_wconf 71' lang='lat'><strong>102</strong></span> <span class='ocrx_word' id='word_1_2' title='bbox 677 175 910 248; x_wconf 64' lang='lat' dir='ltr'><strong>hictumotptpolm.</strong></span> 
     </span>
    </p>
   </div>
   <div class='ocr_carea' id='block_1_2' title="bbox 192 325 1264 3823">
    <p class='ocr_par' dir='ltr' id='par_1_2' title="bbox 279 325 1248 417">
     <span class='ocr_line' id='line_1_2' title="bbox 279 325 1248 417; baseline 0.002 -21"><span class='ocrx_word' id='word_1_3' title='bbox 279 331 407 398; x_wconf 79' lang='lat' dir='ltr'><strong>victima</strong></span> <span class='ocrx_word' id='word_1_4' title='bbox 428 332 501 398; x_wconf 91' lang='lat' dir='ltr'><strong>labe</strong></span> <span class='ocrx_word' id='word_1_5' title='bbox 524 352 634 397; x_wconf 89' lang='lat' dir='ltr'><strong>carens</strong></span> <span class='ocrx_word' id='word_1_6' title='bbox 657 338 689 396; x_wconf 89' lang='lat' dir='ltr'><strong>et</strong></span> <span class='ocrx_word' id='word_1_7' title='bbox 709 333 980 417; x_wconf 85' lang='lat' dir='ltr'><strong>praestantissima</strong></span> <span class='ocrx_word' id='word_1_8' title='bbox 1001 333 1102 400; x_wconf 82' lang='lat' dir='ltr'><strong>forma</strong></span> <span class='ocrx_word' id='word_1_9' title='bbox 1124 371 1167 381; x_wconf 90' lang='lat'>-</span> <span class='ocrx_word' id='word_1_10' title='bbox 1246 325 1248 331; x_wconf 68' lang='grc'>’</span> 
     </span>
    </p>

    <p class='ocr_par' dir='ltr' id='par_1_3' title="bbox 279 434 1140 520">
     <span class='ocr_line' id='line_1_3' title="bbox 279 434 1140 520; baseline 0.003 -21"><span class='ocrx_word' id='word_1_11' title='bbox 279 455 353 499; x_wconf 90' lang='lat' dir='ltr'><strong>nam</strong></span> <span class='ocrx_word' id='word_1_12' title='bbox 375 435 531 519; x_wconf 82' lang='lat' dir='ltr'><strong>placuisse</strong></span> <span class='ocrx_word' id='word_1_13' title='bbox 552 441 644 501; x_wconf 87' lang='lat' dir='ltr'><strong>nocet</strong></span> <span class='ocrx_word' id='word_1_14' title='bbox 666 473 708 483; x_wconf 91' lang='lat'>-</span> <span class='ocrx_word' id='word_1_15' title='bbox 730 434 817 502; x_wconf 73' lang='lat' dir='ltr'><strong>vittis</strong></span> <span class='ocrx_word' id='word_1_16' title='bbox 839 435 973 520; x_wconf 83' lang='lat' dir='ltr'><strong>insignis</strong></span> <span class='ocrx_word' id='word_1_17' title='bbox 996 442 1028 501; x_wconf 88' lang='lat' dir='ltr'><strong>et</strong></span> <span class='ocrx_word' id='word_1_18' title='bbox 1049 446 1140 502; x_wconf 88' lang='lat' dir='ltr'><strong>auro</strong></span> 
     </span>
    </p>

    <p class='ocr_par' dir='ltr' id='par_1_4' title="bbox 280 536 1096 624">
     <span class='ocr_line' id='line_1_4' title="bbox 280 536 1096 624; baseline 0 -21"><span class='ocrx_word' id='word_1_19' title='bbox 280 536 398 603; x_wconf 91' lang='lat' dir='ltr'><strong>sistitur</strong></span> <span class='ocrx_word' id='word_1_20' title='bbox 419 544 495 603; x_wconf 87' lang='lat' dir='ltr'><strong>ante</strong></span> <span class='ocrx_word' id='word_1_21' title='bbox 516 558 588 603; x_wconf 90' lang='lat' dir='ltr'><strong>aras</strong></span> <span class='ocrx_word' id='word_1_22' title='bbox 610 537 761 620; x_wconf 81' lang='lat' dir='ltr'>auditque</span> <span class='ocrx_word' id='word_1_23' title='bbox 782 538 894 623; x_wconf 83' lang='lat' dir='ltr'><strong>ignara</strong></span> <span class='ocrx_word' id='word_1_24' title='bbox 915 546 1096 624; x_wconf 78' lang='lat' dir='ltr'>precantem</span> 
     </span>
    </p>

    <p class='ocr_par' dir='ltr' id='par_1_5' title="bbox 279 641 1039 725">
     <span class='ocr_line' id='line_1_5' title="bbox 279 641 1039 725; baseline 0.003 -20"><span class='ocrx_word' id='word_1_25' title='bbox 279 641 461 725; x_wconf 90' lang='lat' dir='ltr'><strong>imponique</strong></span> <span class='ocrx_word' id='word_1_26' title='bbox 484 661 560 707; x_wconf 87' lang='lat' dir='ltr'><strong>suae</strong></span> <span class='ocrx_word' id='word_1_27' title='bbox 582 641 670 707; x_wconf 87' lang='lat' dir='ltr'><strong>videt</strong></span> <span class='ocrx_word' id='word_1_28' title='bbox 692 642 776 707; x_wconf 89' lang='lat' dir='ltr'><strong>inter</strong></span> <span class='ocrx_word' id='word_1_29' title='bbox 798 662 914 708; x_wconf 90' lang='lat' dir='ltr'><strong>cornua</strong></span> <span class='ocrx_word' id='word_1_30' title='bbox 935 643 1039 724; x_wconf 86' lang='lat' dir='ltr'><strong>fronti,</strong></span> 
     </span>
    </p>

    <p class='ocr_par' dir='ltr' id='par_1_6' title="bbox 192 744 1163 932">
     <span class='ocr_line' id='line_1_6' title="bbox 281 744 1163 830; baseline 0.002 -22"><span class='ocrx_word' id='word_1_31' title='bbox 281 764 359 826; x_wconf 91' lang='lat' dir='ltr'><strong>quas</strong></span> <span class='ocrx_word' id='word_1_32' title='bbox 382 744 484 826; x_wconf 84' lang='lat' dir='ltr'><strong>coluit,</strong></span> <span class='ocrx_word' id='word_1_33' title='bbox 508 744 615 829; x_wconf 84' lang='lat' dir='ltr'><strong>fruges</strong></span> <span class='ocrx_word' id='word_1_34' title='bbox 636 765 849 829; x_wconf 90' lang='lat' dir='ltr'><strong>percussaque</strong></span> <span class='ocrx_word' id='word_1_35' title='bbox 871 745 1026 830; x_wconf 80' lang='lat' dir='ltr'><strong>sanguine</strong></span> <span class='ocrx_word' id='word_1_36' title='bbox 1049 745 1163 810; x_wconf 91' lang='lat' dir='ltr'><strong>cultros</strong></span> 
     </span>
     <span class='ocr_line' id='line_1_7' title="bbox 192 846 1029 932; baseline 0.001 -21"><span class='ocrx_word' id='word_1_37' title='bbox 192 921 195 924; x_wconf 9' lang='grc' dir='ltr'><em>Δ</em></span> <span class='ocrx_word' id='word_1_38' title='bbox 280 847 380 912; x_wconf 90' lang='lat' dir='ltr'><strong>inficit</strong></span> <span class='ocrx_word' id='word_1_39' title='bbox 401 847 434 912; x_wconf 93' lang='lat' dir='ltr'><strong>in</strong></span> <span class='ocrx_word' id='word_1_40' title='bbox 456 846 576 929; x_wconf 88' lang='lat' dir='ltr'><strong>liquida</strong></span> <span class='ocrx_word' id='word_1_41' title='bbox 597 848 760 932; x_wconf 86' lang='lat' dir='ltr'><strong>praevisos</strong></span> <span class='ocrx_word' id='word_1_42' title='bbox 781 847 912 913; x_wconf 81' lang='lat' dir='ltr'><strong>forsitan</strong></span> <span class='ocrx_word' id='word_1_43' title='bbox 935 847 1029 912; x_wconf 90' lang='lat' dir='ltr'><strong>unda.</strong></span> 
     </span>
    </p>

    <p class='ocr_par' dir='ltr' id='par_1_7' title="bbox 281 950 979 1037">
     <span class='ocr_line' id='line_1_8' title="bbox 281 950 979 1037; baseline 0.001 -23"><span class='ocrx_word' id='word_1_44' title='bbox 281 950 423 1034; x_wconf 91' lang='lat' dir='ltr'><strong>protinus</strong></span> <span class='ocrx_word' id='word_1_45' title='bbox 446 957 570 1034; x_wconf 86' lang='lat' dir='ltr'><strong>ereptas</strong></span> <span class='ocrx_word' id='word_1_46' title='bbox 592 951 712 1017; x_wconf 86' lang='lat' dir='ltr'><strong>viventi</strong></span> <span class='ocrx_word' id='word_1_47' title='bbox 734 957 861 1037; x_wconf 90' lang='lat' dir='ltr'><strong>pectore</strong></span> <span class='ocrx_word' id='word_1_48' title='bbox 883 951 979 1015; x_wconf 87' lang='lat' dir='ltr'><strong>fibras</strong></span> 
     </span>
    </p>

    <p class='ocr_par' dir='ltr' id='par_1_8' title="bbox 281 1053 1178 1137">
     <span class='ocr_line' id='line_1_9' title="bbox 281 1053 1178 1137; baseline 0.002 -20"><span class='ocrx_word' id='word_1_49' title='bbox 281 1053 454 1137; x_wconf 90' lang='lat' dir='ltr'><strong>inspiciunt</strong></span> <span class='ocrx_word' id='word_1_50' title='bbox 475 1059 659 1137; x_wconf 79' lang='lat' dir='ltr'><strong>mentesque</strong></span> <span class='ocrx_word' id='word_1_51' title='bbox 682 1054 776 1120; x_wconf 90' lang='lat' dir='ltr'><strong>deum</strong></span> <span class='ocrx_word' id='word_1_52' title='bbox 799 1059 977 1119; x_wconf 87' lang='lat' dir='ltr'><strong>scrutantur</strong></span> <span class='ocrx_word' id='word_1_53' title='bbox 999 1061 1030 1119; x_wconf 93' lang='lat' dir='ltr'><strong>et</strong></span> <span class='ocrx_word' id='word_1_54' title='bbox 1051 1054 1113 1119; x_wconf 93' lang='lat' dir='ltr'><strong>illis</strong></span> <span class='ocrx_word' id='word_1_55' title='bbox 1136 1092 1178 1102; x_wconf 86' lang='lat'>-</span> 
     </span>
    </p>

    <p class='ocr_par' dir='ltr' id='par_1_9' title="bbox 281 1155 1178 1224">
     <span class='ocr_line' id='line_1_10' title="bbox 281 1155 1178 1224; baseline 0 -4"><span class='ocrx_word' id='word_1_56' title='bbox 281 1155 366 1221; x_wconf 89' lang='lat' dir='ltr'><strong>unde</strong></span> <span class='ocrx_word' id='word_1_57' title='bbox 388 1157 490 1221; x_wconf 87' lang='lat' dir='ltr'><strong>fames</strong></span> <span class='ocrx_word' id='word_1_58' title='bbox 511 1157 632 1222; x_wconf 92' lang='lat' dir='ltr'><strong>homini</strong></span> <span class='ocrx_word' id='word_1_59' title='bbox 654 1159 820 1223; x_wconf 90' lang='lat' dir='ltr'><strong>vetitorum</strong></span> <span class='ocrx_word' id='word_1_60' title='bbox 843 1163 932 1221; x_wconf 90' lang='lat' dir='ltr'><strong>tanta</strong></span> <span class='ocrx_word' id='word_1_61' title='bbox 954 1156 1115 1224; x_wconf 81' lang='lat' dir='ltr'><strong>ciborum?</strong></span> <span class='ocrx_word' id='word_1_62' title='bbox 1138 1195 1178 1203; x_wconf 86' lang='lat'>-</span> 
     </span>
    </p>

    <p class='ocr_par' dir='ltr' id='par_1_10' title="bbox 282 1258 1065 1343">
     <span class='ocr_line' id='line_1_11' title="bbox 282 1258 1065 1343; baseline 0.003 -20"><span class='ocrx_word' id='word_1_63' title='bbox 282 1258 406 1325; x_wconf 88' lang='lat' dir='ltr'><strong>audetis</strong></span> <span class='ocrx_word' id='word_1_64' title='bbox 427 1260 523 1342; x_wconf 86' lang='lat' dir='ltr'><strong>vesci,</strong></span> <span class='ocrx_word' id='word_1_65' title='bbox 546 1280 648 1343; x_wconf 83' lang='lat' dir='ltr'><strong>genus</strong></span> <span class='ocrx_word' id='word_1_66' title='bbox 669 1281 688 1327; x_wconf 95' lang='lat' dir='ltr'><strong>o</strong></span> <span class='ocrx_word' id='word_1_67' title='bbox 710 1261 862 1325; x_wconf 81' lang='lat' dir='ltr'><strong>mortale?</strong></span> <span class='ocrx_word' id='word_1_68' title='bbox 886 1260 978 1343; x_wconf 84' lang='lat' dir='ltr'><strong>quod,</strong></span> <span class='ocrx_word' id='word_1_69' title='bbox 1002 1280 1065 1341; x_wconf 85' lang='lat' dir='ltr'><strong>oro,</strong></span> 
     </span>
    </p>

    <p class='ocr_par' dir='ltr' id='par_1_11' title="bbox 282 1362 1119 1443">
     <span class='ocr_line' id='line_1_12' title="bbox 282 1362 1119 1443; baseline 0.002 -16"><span class='ocrx_word' id='word_1_70' title='bbox 282 1382 324 1427; x_wconf 90' lang='lat' dir='ltr'><strong>nc</strong></span> <span class='ocrx_word' id='word_1_71' title='bbox 345 1363 450 1443; x_wconf 86' lang='lat' dir='ltr'><strong>facite,</strong></span> <span class='ocrx_word' id='word_1_72' title='bbox 473 1368 506 1428; x_wconf 86' lang='lat' dir='ltr'><strong>et</strong></span> <span class='ocrx_word' id='word_1_73' title='bbox 526 1363 653 1429; x_wconf 90' lang='lat' dir='ltr'><strong>monitis</strong></span> <span class='ocrx_word' id='word_1_74' title='bbox 675 1364 798 1429; x_wconf 89' lang='lat' dir='ltr'><strong>animos</strong></span> <span class='ocrx_word' id='word_1_75' title='bbox 819 1362 975 1428; x_wconf 85' lang='lat' dir='ltr'><strong>advertite</strong></span> <span class='ocrx_word' id='word_1_76' title='bbox 998 1364 1119 1430; x_wconf 88' lang='lat' dir='ltr'><strong>nostris.</strong></span> 
     </span>
    </p>

    <p class='ocr_par' dir='ltr' id='par_1_12' title="bbox 283 1465 1156 1551">
     <span class='ocr_line' id='line_1_13' title="bbox 283 1465 1156 1551; baseline 0 -21"><span class='ocrx_word' id='word_1_77' title='bbox 283 1485 416 1549; x_wconf 88' lang='lat' dir='ltr'><strong>cumque</strong></span> <span class='ocrx_word' id='word_1_78' title='bbox 438 1466 532 1532; x_wconf 90' lang='lat' dir='ltr'><strong>boum</strong></span> <span class='ocrx_word' id='word_1_79' title='bbox 555 1465 671 1532; x_wconf 92' lang='lat' dir='ltr'><strong>dabitis</strong></span> <span class='ocrx_word' id='word_1_80' title='bbox 694 1487 856 1532; x_wconf 88' lang='lat' dir='ltr'><strong>caesorum</strong></span> <span class='ocrx_word' id='word_1_81' title='bbox 879 1467 1020 1531; x_wconf 87' lang='lat' dir='ltr'><strong>membra</strong></span> <span class='ocrx_word' id='word_1_82' title='bbox 1041 1467 1156 1551; x_wconf 85' lang='lat' dir='ltr'><strong>palato,</strong></span> 
     </span>
    </p>

    <p class='ocr_par' dir='ltr' id='par_1_13' title="bbox 284 1564 1104 1636">
     <span class='ocr_line' id='line_1_14' title="bbox 284 1564 1104 1636; baseline 0.001 -4"><span class='ocrx_word' id='word_1_83' title='bbox 284 1568 432 1635; x_wconf 84' lang='lat' dir='ltr'><strong>mandere</strong></span> <span class='ocrx_word' id='word_1_84' title='bbox 454 1588 512 1635; x_wconf 87' lang='lat' dir='ltr'><strong>vos</strong></span> <span class='ocrx_word' id='word_1_85' title='bbox 533 1575 655 1635; x_wconf 89' lang='lat' dir='ltr'><strong>vestros</strong></span> <span class='ocrx_word' id='word_1_86' title='bbox 677 1570 756 1636; x_wconf 87' lang='lat' dir='ltr'><strong>scite</strong></span> <span class='ocrx_word' id='word_1_87' title='bbox 779 1576 811 1634; x_wconf 89' lang='lat' dir='ltr'><strong>et</strong></span> <span class='ocrx_word' id='word_1_88' title='bbox 832 1570 948 1635; x_wconf 87' lang='lat' dir='ltr'><strong>sentite</strong></span> <span class='ocrx_word' id='word_1_89' title='bbox 969 1564 1104 1635; x_wconf 86' lang='lat' dir='ltr'><strong>colonos.</strong></span> 
     </span>
    </p>

    <p class='ocr_par' dir='ltr' id='par_1_14' title="bbox 284 1671 1264 2684">
     <span class='ocr_line' id='line_1_15' title="bbox 326 1671 1264 1756; baseline 0 -20"><span class='ocrx_word' id='word_1_90' title='bbox 326 1671 367 1736; x_wconf 83' lang='lat' dir='ltr'><strong>Et</strong></span> <span class='ocrx_word' id='word_1_91' title='bbox 389 1671 537 1755; x_wconf 90' lang='lat' dir='ltr'><strong>quoniam</strong></span> <span class='ocrx_word' id='word_1_92' title='bbox 559 1671 638 1738; x_wconf 93' lang='lat' dir='ltr'><strong>deus</strong></span> <span class='ocrx_word' id='word_1_93' title='bbox 660 1692 715 1738; x_wconf 88' lang='lat' dir='ltr'><strong>ora</strong></span> <span class='ocrx_word' id='word_1_94' title='bbox 736 1679 851 1754; x_wconf 87' lang='lat' dir='ltr'><strong>movet,</strong></span> <span class='ocrx_word' id='word_1_95' title='bbox 875 1692 988 1756; x_wconf 86' lang='lat' dir='ltr'><strong>sequar</strong></span> <span class='ocrx_word' id='word_1_96' title='bbox 1010 1693 1064 1737; x_wconf 89' lang='lat' dir='ltr'><strong>ore</strong></span> <span class='ocrx_word' id='word_1_97' title='bbox 1086 1677 1264 1737; x_wconf 87' lang='lat' dir='ltr'><strong>moventem</strong></span> 
     </span>
     <span class='ocr_line' id='line_1_16' title="bbox 284 1774 1161 1860; baseline -0.001 -20"><span class='ocrx_word' id='word_1_98' title='bbox 284 1775 343 1841; x_wconf 89' lang='lat' dir='ltr'><strong>rite</strong></span> <span class='ocrx_word' id='word_1_99' title='bbox 365 1774 459 1841; x_wconf 90' lang='lat' dir='ltr'><strong>deum</strong></span> <span class='ocrx_word' id='word_1_100' title='bbox 481 1775 683 1860; x_wconf 85' lang='lat' dir='ltr'><strong>Delphosque</strong></span> <span class='ocrx_word' id='word_1_101' title='bbox 704 1796 792 1841; x_wconf 88' lang='lat' dir='ltr'><strong>meos</strong></span> <span class='ocrx_word' id='word_1_102' title='bbox 814 1776 981 1860; x_wconf 90' lang='lat' dir='ltr'><strong>ipsumque</strong></span> <span class='ocrx_word' id='word_1_103' title='bbox 1003 1774 1161 1839; x_wconf 89' lang='lat' dir='ltr'><strong>recludam</strong></span> 
     </span>
     <span class='ocr_line' id='line_1_17' title="bbox 284 1878 1105 1962; baseline 0 -19"><span class='ocrx_word' id='word_1_104' title='bbox 284 1878 413 1944; x_wconf 85' lang='lat' dir='ltr'><strong>aethera</strong></span> <span class='ocrx_word' id='word_1_105' title='bbox 436 1885 467 1944; x_wconf 90' lang='lat' dir='ltr'><strong>ct</strong></span> <span class='ocrx_word' id='word_1_106' title='bbox 489 1885 643 1962; x_wconf 78' lang='lat' dir='ltr'><strong>augustae</strong></span> <span class='ocrx_word' id='word_1_107' title='bbox 664 1880 812 1945; x_wconf 88' lang='lat' dir='ltr'><strong>reserabo</strong></span> <span class='ocrx_word' id='word_1_108' title='bbox 835 1879 960 1944; x_wconf 90' lang='lat' dir='ltr'><strong>oracula</strong></span> <span class='ocrx_word' id='word_1_109' title='bbox 982 1879 1105 1943; x_wconf 89' lang='lat' dir='ltr'><strong>mentis.</strong></span> 
     </span>
     <span class='ocr_line' id='line_1_18' title="bbox 285 1982 1021 2066; baseline 0 -20"><span class='ocrx_word' id='word_1_110' title='bbox 285 2002 401 2066; x_wconf 81' lang='lat' dir='ltr'><strong>magna</strong></span> <span class='ocrx_word' id='word_1_111' title='bbox 422 2002 484 2047; x_wconf 90' lang='lat' dir='ltr'><strong>nec</strong></span> <span class='ocrx_word' id='word_1_112' title='bbox 502 1982 640 2065; x_wconf 84' lang='lat' dir='ltr'><strong>ingeniis</strong></span> <span class='ocrx_word' id='word_1_113' title='bbox 661 1982 853 2066; x_wconf 81' lang='lat' dir='ltr'><strong>investigata</strong></span> <span class='ocrx_word' id='word_1_114' title='bbox 874 1982 1021 2066; x_wconf 85' lang='lat' dir='ltr'><strong>priorum,</strong></span> 
     </span>
     <span class='ocr_line' id='line_1_19' title="bbox 285 2084 1146 2168; baseline 0.001 -19"><span class='ocrx_word' id='word_1_115' title='bbox 285 2103 429 2168; x_wconf 89' lang='lat' dir='ltr'><strong>quaeque</strong></span> <span class='ocrx_word' id='word_1_116' title='bbox 451 2084 505 2150; x_wconf 92' lang='lat' dir='ltr'><strong>diu</strong></span> <span class='ocrx_word' id='word_1_117' title='bbox 528 2086 656 2167; x_wconf 89' lang='lat' dir='ltr'><strong>latuere,</strong></span> <span class='ocrx_word' id='word_1_118' title='bbox 680 2106 801 2150; x_wconf 90' lang='lat' dir='ltr'><strong>canam.</strong></span> <span class='ocrx_word' id='word_1_119' title='bbox 825 2086 914 2150; x_wconf 86' lang='lat' dir='ltr'><strong>iuvat</strong></span> <span class='ocrx_word' id='word_1_120' title='bbox 935 2085 981 2150; x_wconf 91' lang='lat' dir='ltr'><strong>ire</strong></span> <span class='ocrx_word' id='word_1_121' title='bbox 1002 2085 1146 2168; x_wconf 87' lang='lat' dir='ltr'><strong>peralta</strong></span> 
     </span>
     <span class='ocr_line' id='line_1_20' title="bbox 285 2188 999 2269; baseline 0.001 -17"><span class='ocrx_word' id='word_1_122' title='bbox 285 2196 378 2269; x_wconf 86' lang='lat' dir='ltr'><strong>astra,</strong></span> <span class='ocrx_word' id='word_1_123' title='bbox 402 2189 490 2254; x_wconf 84' lang='lat' dir='ltr'><strong>iuvat</strong></span> <span class='ocrx_word' id='word_1_124' title='bbox 511 2189 601 2254; x_wconf 87' lang='lat' dir='ltr'><strong>terris</strong></span> <span class='ocrx_word' id='word_1_125' title='bbox 624 2192 656 2254; x_wconf 83' lang='lat' dir='ltr'><strong>ct</strong></span> <span class='ocrx_word' id='word_1_126' title='bbox 677 2189 769 2254; x_wconf 90' lang='lat' dir='ltr'><strong>inerti</strong></span> <span class='ocrx_word' id='word_1_127' title='bbox 792 2188 868 2254; x_wconf 89' lang='lat' dir='ltr'><strong>sede</strong></span> <span class='ocrx_word' id='word_1_128' title='bbox 890 2189 999 2253; x_wconf 87' lang='lat' dir='ltr'><strong>relicta</strong></span> 
     </span>
     <span class='ocr_line' id='line_1_21' title="bbox 285 2284 1108 2374; baseline 0.001 -18"><span class='ocrx_word' id='word_1_129' title='bbox 285 2293 369 2357; x_wconf 92' lang='lat' dir='ltr'><strong>nube</strong></span> <span class='ocrx_word' id='word_1_130' title='bbox 391 2291 465 2356; x_wconf 87' lang='lat' dir='ltr'><strong>vehi</strong></span> <span class='ocrx_word' id='word_1_131' title='bbox 486 2292 646 2374; x_wconf 86' lang='lat' dir='ltr'><strong>validique</strong></span> <span class='ocrx_word' id='word_1_132' title='bbox 667 2284 784 2357; x_wconf 89' lang='lat' dir='ltr'><strong>umeris</strong></span> <span class='ocrx_word' id='word_1_133' title='bbox 805 2291 950 2358; x_wconf 81' lang='lat' dir='ltr'><strong>insistere</strong></span> <span class='ocrx_word' id='word_1_134' title='bbox 972 2292 1108 2357; x_wconf 87' lang='lat' dir='ltr'><strong>Atlantis</strong></span> 
     </span>
     <span class='ocr_line' id='line_1_22' title="bbox 285 2394 1160 2479; baseline 0.002 -21"><span class='ocrx_word' id='word_1_135' title='bbox 285 2395 490 2478; x_wconf 87' lang='lat' dir='ltr'><strong>palantesque</strong></span> <span class='ocrx_word' id='word_1_136' title='bbox 512 2395 656 2459; x_wconf 88' lang='lat' dir='ltr'><strong>homines</strong></span> <span class='ocrx_word' id='word_1_137' title='bbox 677 2395 795 2479; x_wconf 90' lang='lat' dir='ltr'><strong>passim</strong></span> <span class='ocrx_word' id='word_1_138' title='bbox 818 2415 856 2460; x_wconf 89' lang='lat' dir='ltr'><strong>ac</strong></span> <span class='ocrx_word' id='word_1_139' title='bbox 878 2394 1008 2460; x_wconf 91' lang='lat' dir='ltr'><strong>rationis</strong></span> <span class='ocrx_word' id='word_1_140' title='bbox 1030 2400 1160 2479; x_wconf 82' lang='lat' dir='ltr'><strong>egentes</strong></span> 
     </span>
     <span class='ocr_line' id='line_1_23' title="bbox 285 2496 1194 2584; baseline 0 -22"><span class='ocrx_word' id='word_1_141' title='bbox 285 2496 469 2584; x_wconf 75' lang='lat' dir='ltr'><strong>despectare</strong></span> <span class='ocrx_word' id='word_1_142' title='bbox 491 2499 598 2582; x_wconf 90' lang='lat' dir='ltr'><strong>procul</strong></span> <span class='ocrx_word' id='word_1_143' title='bbox 620 2497 821 2583; x_wconf 89' lang='lat' dir='ltr'><strong>trepidosque</strong></span> <span class='ocrx_word' id='word_1_144' title='bbox 844 2499 1026 2580; x_wconf 87' lang='lat' dir='ltr'><strong>obitumque</strong></span> <span class='ocrx_word' id='word_1_145' title='bbox 1048 2498 1194 2563; x_wconf 90' lang='lat' dir='ltr'><strong>timentes</strong></span> 
     </span>
     <span class='ocr_line' id='line_1_24' title="bbox 285 2601 972 2684; baseline 0 -19"><span class='ocrx_word' id='word_1_146' title='bbox 285 2601 332 2666; x_wconf 92' lang='lat' dir='ltr'><strong>sic</strong></span> <span class='ocrx_word' id='word_1_147' title='bbox 354 2601 512 2666; x_wconf 83' lang='lat' dir='ltr'><strong>exhortari</strong></span> <span class='ocrx_word' id='word_1_148' title='bbox 534 2602 710 2684; x_wconf 90' lang='lat' dir='ltr'><strong>seriemque</strong></span> <span class='ocrx_word' id='word_1_149' title='bbox 733 2602 879 2668; x_wconf 81' lang='lat' dir='ltr'><strong>evolvere</strong></span> <span class='ocrx_word' id='word_1_150' title='bbox 901 2602 972 2666; x_wconf 86' lang='lat' dir='ltr'><strong>fati:</strong></span> 
     </span>
    </p>

    <p class='ocr_par' dir='ltr' id='par_1_15' title="bbox 286 2703 1231 3823">
     <span class='ocr_line' id='line_1_25' title="bbox 329 2703 1144 2788; baseline 0 -18"><span class='ocrx_word' id='word_1_151' title='bbox 329 2703 355 2770; x_wconf 90' lang='grc' dir='ltr'><strong>Ο</strong></span> <span class='ocrx_word' id='word_1_152' title='bbox 377 2724 479 2788; x_wconf 81' lang='lat' dir='ltr'><strong>genus</strong></span> <span class='ocrx_word' id='word_1_153' title='bbox 500 2704 667 2769; x_wconf 90' lang='lat' dir='ltr'><strong>attonitum</strong></span> <span class='ocrx_word' id='word_1_154' title='bbox 689 2703 814 2788; x_wconf 83' lang='lat' dir='ltr'><strong>gelidae</strong></span> <span class='ocrx_word' id='word_1_155' title='bbox 836 2704 1004 2771; x_wconf 85' lang='lat' dir='ltr'><strong>formidine</strong></span> <span class='ocrx_word' id='word_1_156' title='bbox 1026 2705 1144 2785; x_wconf 83' lang='lat' dir='ltr'><strong>mortis,</strong></span> 
     </span>
     <span class='ocr_line' id='line_1_26' title="bbox 286 2806 1219 2891; baseline 0 -19"><span class='ocrx_word' id='word_1_157' title='bbox 286 2806 362 2891; x_wconf 90' lang='lat' dir='ltr'><strong>quid</strong></span> <span class='ocrx_word' id='word_1_158' title='bbox 384 2808 495 2891; x_wconf 79' lang='lat' dir='ltr'><strong>Styga,</strong></span> <span class='ocrx_word' id='word_1_159' title='bbox 518 2806 594 2890; x_wconf 93' lang='lat' dir='ltr'><strong>quid</strong></span> <span class='ocrx_word' id='word_1_160' title='bbox 616 2808 764 2873; x_wconf 89' lang='lat' dir='ltr'><strong>tenebras</strong></span> <span class='ocrx_word' id='word_1_161' title='bbox 786 2813 817 2871; x_wconf 93' lang='lat' dir='ltr'><strong>et</strong></span> <span class='ocrx_word' id='word_1_162' title='bbox 839 2809 967 2873; x_wconf 91' lang='lat' dir='ltr'><strong>nomina</strong></span> <span class='ocrx_word' id='word_1_163' title='bbox 989 2828 1072 2873; x_wconf 84' lang='lat' dir='ltr'><strong>vana</strong></span> <span class='ocrx_word' id='word_1_164' title='bbox 1093 2807 1219 2887; x_wconf 84' lang='lat' dir='ltr'><strong>timetis,</strong></span> 
     </span>
     <span class='ocr_line' id='line_1_27' title="bbox 287 2910 1054 2994; baseline 0.003 -20"><span class='ocrx_word' id='word_1_165' title='bbox 287 2910 447 2976; x_wconf 89' lang='lat' dir='ltr'><strong>materiem</strong></span> <span class='ocrx_word' id='word_1_166' title='bbox 468 2917 586 2991; x_wconf 87' lang='lat' dir='ltr'><strong>vatum,</strong></span> <span class='ocrx_word' id='word_1_167' title='bbox 609 2910 744 2994; x_wconf 86' lang='lat' dir='ltr'><strong>falsique</strong></span> <span class='ocrx_word' id='word_1_168' title='bbox 765 2911 904 2994; x_wconf 90' lang='lat' dir='ltr'><strong>pericula</strong></span> <span class='ocrx_word' id='word_1_169' title='bbox 925 2910 1054 2977; x_wconf 79' lang='lat' dir='ltr'><strong>mundi?</strong></span> 
     </span>
     <span class='ocr_line' id='line_1_28' title="bbox 286 3013 1129 3099; baseline 0.001 -20"><span class='ocrx_word' id='word_1_170' title='bbox 286 3035 425 3099; x_wconf 87' lang='lat' dir='ltr'><strong>corpora,</strong></span> <span class='ocrx_word' id='word_1_171' title='bbox 448 3014 516 3080; x_wconf 86' lang='lat' dir='ltr'><strong>sive</strong></span> <span class='ocrx_word' id='word_1_172' title='bbox 537 3034 631 3098; x_wconf 80' lang='lat' dir='ltr'><strong>rogus</strong></span> <span class='ocrx_word' id='word_1_173' title='bbox 652 3013 791 3095; x_wconf 87' lang='lat' dir='ltr'><strong>flamma,</strong></span> <span class='ocrx_word' id='word_1_174' title='bbox 814 3033 871 3080; x_wconf 90' lang='lat' dir='ltr'><strong>seu</strong></span> <span class='ocrx_word' id='word_1_175' title='bbox 893 3016 966 3080; x_wconf 89' lang='lat' dir='ltr'><strong>tabe</strong></span> <span class='ocrx_word' id='word_1_176' title='bbox 988 3020 1129 3081; x_wconf 85' lang='lat' dir='ltr'><strong>vetustas</strong></span> 
     </span>
     <span class='ocr_line' id='line_1_29' title="bbox 286 3118 1085 3203; baseline -0.003 -19"><span class='ocrx_word' id='word_1_177' title='bbox 286 3118 458 3199; x_wconf 86' lang='lat' dir='ltr'><strong>abstulerit,</strong></span> <span class='ocrx_word' id='word_1_178' title='bbox 481 3119 564 3182; x_wconf 80' lang='lat' dir='ltr'><strong>maha</strong></span> <span class='ocrx_word' id='word_1_179' title='bbox 585 3138 679 3202; x_wconf 90' lang='lat' dir='ltr'><strong>posse</strong></span> <span class='ocrx_word' id='word_1_180' title='bbox 700 3118 767 3202; x_wconf 88' lang='lat' dir='ltr'><strong>pati</strong></span> <span class='ocrx_word' id='word_1_181' title='bbox 789 3139 853 3184; x_wconf 93' lang='lat' dir='ltr'><strong>non</strong></span> <span class='ocrx_word' id='word_1_182' title='bbox 875 3118 939 3183; x_wconf 90' lang='lat' dir='ltr'><strong>nlla</strong></span> <span class='ocrx_word' id='word_1_183' title='bbox 960 3119 1085 3203; x_wconf 86' lang='lat' dir='ltr'><strong>putetis.</strong></span> 
     </span>
     <span class='ocr_line' id='line_1_30' title="bbox 286 3221 1128 3307; baseline 0 -20"><span class='ocrx_word' id='word_1_184' title='bbox 286 3229 385 3288; x_wconf 88' lang='lat' dir='ltr'><strong>morte</strong></span> <span class='ocrx_word' id='word_1_185' title='bbox 408 3229 515 3288; x_wconf 80' lang='lat' dir='ltr'><strong>carent</strong></span> <span class='ocrx_word' id='word_1_186' title='bbox 536 3223 661 3287; x_wconf 87' lang='lat' dir='ltr'><strong>animae</strong></span> <span class='ocrx_word' id='word_1_187' title='bbox 683 3242 870 3306; x_wconf 88' lang='lat' dir='ltr'><strong>semperque</strong></span> <span class='ocrx_word' id='word_1_188' title='bbox 891 3222 994 3307; x_wconf 89' lang='lat' dir='ltr'><strong>priore</strong></span> <span class='ocrx_word' id='word_1_189' title='bbox 1015 3221 1128 3287; x_wconf 81' lang='lat' dir='ltr'><strong>relicta</strong></span> 
     </span>
     <span class='ocr_line' id='line_1_31' title="bbox 286 3324 1180 3409; baseline 0 -19"><span class='ocrx_word' id='word_1_190' title='bbox 286 3325 362 3391; x_wconf 90' lang='lat' dir='ltr'><strong>sede</strong></span> <span class='ocrx_word' id='word_1_191' title='bbox 383 3326 475 3391; x_wconf 87' lang='lat' dir='ltr'><strong>novis</strong></span> <span class='ocrx_word' id='word_1_192' title='bbox 497 3324 642 3391; x_wconf 90' lang='lat' dir='ltr'><strong>domibus</strong></span> <span class='ocrx_word' id='word_1_193' title='bbox 663 3326 777 3391; x_wconf 83' lang='lat' dir='ltr'><strong>vivunt</strong></span> <span class='ocrx_word' id='word_1_194' title='bbox 798 3326 1005 3409; x_wconf 88' lang='lat' dir='ltr'><strong>habitantque</strong></span> <span class='ocrx_word' id='word_1_195' title='bbox 1026 3331 1180 3409; x_wconf 87' lang='lat' dir='ltr'><strong>receptae.</strong></span> 
     </span>
     <span class='ocr_line' id='line_1_32' title="bbox 287 3428 1220 3513; baseline -0.001 -22"><span class='ocrx_word' id='word_1_196' title='bbox 287 3429 355 3512; x_wconf 88' lang='lat' dir='ltr'><strong>ipse</strong></span> <span class='ocrx_word' id='word_1_197' title='bbox 377 3449 436 3512; x_wconf 84' lang='lat' dir='ltr'><strong>ego</strong></span> <span class='ocrx_word' id='word_1_198' title='bbox 459 3467 498 3476; x_wconf 90' lang='lat'>-</span> <span class='ocrx_word' id='word_1_199' title='bbox 522 3449 597 3494; x_wconf 89' lang='lat' dir='ltr'><strong>nam</strong></span> <span class='ocrx_word' id='word_1_200' title='bbox 619 3429 748 3493; x_wconf 90' lang='lat' dir='ltr'><strong>memini</strong></span> <span class='ocrx_word' id='word_1_201' title='bbox 769 3467 813 3477; x_wconf 92' lang='lat'>—</span> <span class='ocrx_word' id='word_1_202' title='bbox 835 3429 962 3494; x_wconf 82' lang='lat' dir='ltr'><strong>Troiani</strong></span> <span class='ocrx_word' id='word_1_203' title='bbox 985 3435 1124 3513; x_wconf 89' lang='lat' dir='ltr'><strong>tempore</strong></span> <span class='ocrx_word' id='word_1_204' title='bbox 1146 3428 1220 3492; x_wconf 88' lang='lat' dir='ltr'><strong>belli</strong></span> 
     </span>
     <span class='ocr_line' id='line_1_33' title="bbox 287 3529 1207 3616; baseline 0 -24"><span class='ocrx_word' id='word_1_205' title='bbox 287 3529 479 3596; x_wconf 90' lang='lat' dir='ltr'><strong>Panthoides</strong></span> <span class='ocrx_word' id='word_1_206' title='bbox 499 3531 687 3616; x_wconf 84' lang='lat' dir='ltr'><strong>Euphorbus</strong></span> <span class='ocrx_word' id='word_1_207' title='bbox 711 3537 814 3612; x_wconf 80' lang='lat' dir='ltr'><strong>eram,&#39;</strong></span> <span class='ocrx_word' id='word_1_208' title='bbox 829 3532 879 3597; x_wconf 89' lang='lat' dir='ltr'><strong>cui</strong></span> <span class='ocrx_word' id='word_1_209' title='bbox 901 3537 1027 3616; x_wconf 89' lang='lat' dir='ltr'><strong>pectore</strong></span> <span class='ocrx_word' id='word_1_210' title='bbox 1049 3529 1207 3614; x_wconf 87' lang='lat' dir='ltr'><strong>quondam</strong></span> 
     </span>
     <span class='ocr_line' id='line_1_34' title="bbox 288 3631 1151 3717; baseline 0.002 -23"><span class='ocrx_word' id='word_1_211' title='bbox 288 3631 389 3696; x_wconf 92' lang='lat' dir='ltr'><strong>haesit</strong></span> <span class='ocrx_word' id='word_1_212' title='bbox 410 3633 443 3697; x_wconf 93' lang='lat' dir='ltr'><strong>in</strong></span> <span class='ocrx_word' id='word_1_213' title='bbox 465 3633 599 3700; x_wconf 86' lang='lat' dir='ltr'><strong>adverso</strong></span> <span class='ocrx_word' id='word_1_214' title='bbox 619 3635 727 3717; x_wconf 82' lang='lat' dir='ltr'><strong>gravis</strong></span> <span class='ocrx_word' id='word_1_215' title='bbox 749 3634 841 3699; x_wconf 91' lang='lat' dir='ltr'><strong>hasta</strong></span> <span class='ocrx_word' id='word_1_216' title='bbox 862 3635 991 3700; x_wconf 89' lang='lat' dir='ltr'><strong>minoris</strong></span> <span class='ocrx_word' id='word_1_217' title='bbox 1013 3632 1151 3697; x_wconf 83' lang='lat' dir='ltr'><strong>Atridae.</strong></span> 
     </span>
     <span class='ocr_line' id='line_1_35' title="bbox 289 3736 1231 3823; baseline 0.003 -28"><span class='ocrx_word' id='word_1_218' title='bbox 289 3736 421 3819; x_wconf 76' lang='lat' dir='ltr'><strong>cognovi</strong></span> <span class='ocrx_word' id='word_1_219' title='bbox 443 3736 587 3820; x_wconf 88' lang='lat' dir='ltr'><strong>clipeum,</strong></span> <span class='ocrx_word' id='word_1_220' title='bbox 610 3737 720 3802; x_wconf 87' lang='lat' dir='ltr'><strong>laevae</strong></span> <span class='ocrx_word' id='word_1_221' title='bbox 741 3738 918 3823; x_wconf 81' lang='lat' dir='ltr'><strong>gestamina</strong></span> <span class='ocrx_word' id='word_1_222' title='bbox 939 3741 1074 3816; x_wconf 86' lang='lat' dir='ltr'><strong>nostrae,</strong></span> <span class='ocrx_word' id='word_1_223' title='bbox 1118 3781 1121 3788; x_wconf 84' lang='lat'>-</span> <span class='ocrx_word' id='word_1_224' title='bbox 1227 3779 1231 3783; x_wconf 63' lang='grc'><em>»</em></span> 
     </span>
    </p>
   </div>
   <div class='ocr_carea' id='block_1_3' title="bbox 0 0 1484 4117">
    <p class='ocr_par' dir='ltr' id='par_1_16' title="bbox 0 0 1484 4117">
     <span class='ocr_line' id='line_1_36' title="bbox 0 0 1484 4117; baseline 0 0"><span class='ocrx_word' id='word_1_225' title='bbox 0 0 1484 4117; x_wconf 95' lang='lat' dir='ltr'><strong> </strong></span> 
     </span>
    </p>
   </div>
  </div>
 </body>
</html>
