2934 4117
582 180 605 233 6.
629 176 772 247 diatriton.
1150 159 1189 222 19

162 355 246 438 quod
268 352 360 419 modu
382 358 496 437 pontus
519 358 600 435 erat3
625 369 764 433 quosque
786 351 884 414 altum
907 356 1030 415 texerat
1052 369 1178 431 aequor,

162 459 318 523 exsistunt
339 463 462 521 montes
484 461 515 520 ct
537 473 663 539 sparsas
679 452 835 537 Cycladas
857 460 982 537 augent.
1204 472 1253 520 aas

161 561 225 624 ima
246 564 359 643 petunt
380 559 493 642 pisces,
517 577 576 622 nec
598 576 632 622 se
654 576 749 640 super
769 576 907 639 aequora
929 555 1015 621 curri

162 664 270 727 tollere
293 669 458 727 consuetas
480 660 598 725 audent
620 659 787 743 delphines
808 660 841 724 in
864 680 970 745 arrras3

162 786 291 849 corpora
313 764 484 848 phocarum
507 783 628 829 summo
649 763 798 847 resupina
820 762 975 846 profundo

162 869 344 933 exanimata
366 872 486 931 natant.
531 868 635 950 ipsum
657 886 781 948 quoquo
803 865 908 930 Nerea
930 865 1015 928 fama
1037 869 1085 928 est

161 971 343 1053 Doridaque
366 978 397 1035 et
418 976 511 1036 natas
532 969 647 1054 tepidis
669 970 798 1034 latuisse
820 971 878 1034 sub
901 968 1008 1034 antris.

162 1081 209 1139 ter
231 1075 398 1158 Neptunus
420 1073 512 1156 aquis
535 1094 605 1138 cum
627 1079 716 1137 torvo
739 1072 887 1136 bracchia
908 1072 997 1136 vultu

162 1197 310 1243 exserere
331 1196 427 1242 ausus
450 1182 526 1258 erat,
549 1182 597 1241 ter
618 1197 682 1242 nou
704 1176 776 1240 tulit
797 1175 879 1240 aeris
900 1175 1000 1258 ignes.

206 1280 300 1344 Alma
322 1287 428 1344 tamen
451 1279 567 1360 Tellus,
591 1286 625 1343 ut
648 1284 715 1343 erat
738 1276 930 1343 circumdata
952 1285 1057 1361 ponto,

163 1380 247 1446 inter
268 1402 368 1465 aquas
390 1382 496 1466 pelagi
519 1387 757 1463 contractosque
778 1379 918 1462 undique
940 1379 1052 1460 fontes,

164 1486 217 1569 qui
239 1506 274 1551 sc
296 1485 502 1550 condiderant
522 1485 557 1549 in
578 1504 696 1568 opacae
718 1484 840 1549 viscera
861 1483 979 1565 matris,

164 1588 290 1654 sustulit
312 1607 477 1673 oppressos
500 1587 578 1653 collo
600 1595 692 1652 tenus
713 1586 804 1651 arida
825 1587 931 1650 vultus

165 1691 370 1775 opposuitque
393 1710 520 1754 manum
542 1689 636 1755 fronti
659 1709 836 1774 magnoque
859 1695 992 1754 tremore

164 1794 269 1859 omnia
291 1793 472 1858 concutiens
493 1794 620 1876 paulum
643 1791 785 1857 subsedit
807 1799 839 1857 et
859 1792 951 1872 infra,

165 1917 259 1979 quam
282 1895 359 1961 solet
382 1915 460 1976 esse,
483 1896 552 1976 fnit,
576 1896 721 1978 siccaque
744 1896 788 1959 ita
810 1911 887 1960 voce
908 1895 1013 1959 locuta
1035 1901 1095 1959 est:

164 1992 201 2065 ‘si
223 2000 328 2085 placet
348 1998 408 2065 hoc
430 1999 601 2080 meruique,
625 1998 700 2082 quid
722 2019 741 2064 ο
764 2005 817 2063 tua
839 1998 971 2063 fulmina
994 2007 1125 2077 cessant
1226 2022 1239 2036 ·

164 2122 285 2167 summe
308 2102 425 2167 deum?
446 2102 541 2167 liccat
562 2103 719 2186 periturae
742 2101 861 2167 viribus
883 2102 966 2185 ignis

164 2206 239 2290 igne
262 2205 365 2290 perire
386 2212 440 2270 tuo
463 2204 647 2287 clademque
668 2212 796 2270 anctore
816 2206 933 2270 levare.

164 2309 219 2373 vix
243 2307 388 2390 equidem
410 2308 519 2373 fauces
541 2307 620 2373 haec
642 2308 712 2391 ipsa
734 2308 768 2372 in
791 2310 889 2374 verba
910 2304 1056 2392 resolvo‘3
1080 2346 1122 2355 .„

162 2418 321 2495 presserat
343 2431 398 2476 ora
419 2430 518 2494 vapor
539 2448 582 2456 —
604 2404 712 2476 ‘tostos
734 2431 774 2476 en
795 2410 924 2495 adspice
947 2409 1049 2475 crines

163 2514 260 2596 inque
282 2513 379 2578 oculis
401 2519 533 2594 tautum,
557 2520 679 2577 tantum
702 2533 795 2597 super
817 2535 872 2578 ora
892 2513 1028 2578 favillae.

163 2616 262 2681 hosne
284 2615 360 2680 mihi
383 2616 512 2697 fructus,
535 2616 619 2682 hunc
641 2617 811 2682 fertilitatis
833 2617 982 2682 honorem

163 2719 322 2802 officiique
343 2719 452 2800 refers,
475 2720 558 2802 quod
580 2720 695 2785 adunci
717 2720 851 2785 vulnera
872 2720 967 2784 aratri

162 2829 395 2904 rastrorumque
417 2823 484 2887 fero
507 2828 633 2905 tutoque
656 2844 804 2888 exerceor
825 2845 919 2905 annu,

163 2916 254 3008 quod'
269 2924 376 3008 pecori
397 2924 525 2990 frondes
546 2926 758 3007 alimentaque
780 2926 878 3006 mitia,
902 2925 1016 3010 fruges,

162 3025 301 3091 humano
324 3026 443 3108 generi,
467 3028 556 3092 vobis
580 3048 703 3110 quoque
726 3035 796 3092 tura
818 3029 981 3094 ministro?

162 3128 219 3194 sed
242 3136 348 3194 tamen
372 3130 503 3194 exitium
524 3131 576 3195 fac
598 3151 648 3195 rue
671 3132 835 3196 meruisse:
859 3130 934 3213 quid
957 3130 1069 3211 undae,

163 3231 241 3315 quid
263 3232 376 3296 meruit
398 3231 516 3298 frater?
540 3253 594 3298 cur
615 3234 660 3297 illi
682 3233 798 3297 tradita
821 3243 903 3299 sorte

161 3355 300 3418 aequora
322 3334 508 3400 decrescunt
531 3343 562 3401 et
584 3338 624 3401 ab
647 3336 775 3401 aethere
798 3336 920 3420 longius
942 3335 1079 3400 absunt?

163 3437 275 3520 quodsi
298 3457 358 3502 uec
381 3437 486 3502 fratris
508 3460 566 3503 nee
590 3446 620 3503 te
643 3460 714 3503 mea
737 3440 839 3522 gratia
862 3439 973 3521 tangit,

161 3547 196 3603 at
218 3540 297 3605 caeli
320 3540 469 3605 miserere
491 3542 545 3607 tui.
570 3542 772 3625 circumspice
795 3551 968 3624 utrumque,

162 3642 264 3707 fumat
286 3649 418 3725 uterque
439 3644 538 3726 polus.
585 3665 661 3727 qnos
684 3646 710 3708 si
733 3644 891 3708 vitiaverit
913 3644 1005 3728 iguis,

161 3745 243 3809 atria
264 3751 371 3810 vestra
393 3753 493 3811 ruent.
539 3748 627 3812 Atlas
650 3767 689 3811 en
712 3747 781 3831 ipse
804 3747 923 3811 laborat

1005 3866 1037 3917 2*
