2934 4117
250 170 269 229 8
648 184 878 255 tJtctemocpholeu.

250 364 305 422 nat
326 359 417 442 lupus
439 358 520 423 iuter
542 378 627 440 oves,
651 358 754 423 fulvos
776 359 864 423 vehit
887 358 972 422 unda
991 358 1109 440 leones,

129 499 132 504 -
250 460 335 525 unda
357 461 444 526 vehit
466 462 572 545 tigres,
595 482 654 527 neo
675 462 760 527 vires
782 462 921 528 fulminis
942 482 1028 545 apro,

250 584 340 629 crura
362 585 422 629 nee
443 565 548 630 ablato
570 571 701 649 prosunt
721 566 844 630 velocia
866 585 967 631 cervo.

250 668 461 750 quaesitisque
483 667 538 733 diu
559 669 660 749 terris,
683 668 739 734 uhi
761 669 872 734 sistere
894 668 994 748 detur,
1063 736 1069 746 ,

249 771 282 835 in
305 790 391 835 mare
413 770 538 836 lassatis
560 771 694 837 volucris
716 792 800 855 vaga
821 771 939 836 decidit
959 771 1027 836 alis.

249 874 395 939 obruerat
417 873 553 939 tumulos
575 875 729 939 immensa
750 874 879 939 lieentia
900 874 998 958 ponti,

249 977 479 1060 pulsabantque
501 979 574 1043 novi
596 984 747 1042 montana
769 979 931 1043 cacumina
953 977 1074 1042 fluctus.

250 1080 389 1144 maxima
410 1101 484 1164 pars
506 1081 593 1146 unda
613 1081 744 1165 rapitur;
769 1082 882 1163 quihus
903 1080 989 1146 unda
1011 1080 1160 1164 pepercit,
1292 1093 1326 1142 oo

249 1182 319 1247 illos
339 1182 435 1266 longa
457 1182 585 1249 domant
606 1183 692 1267 inopi
713 1183 831 1248 ieiunia
852 1184 946 1248 victu.

505 1362 537 1432 ὅ.
565 1366 747 1435 sscatcttoa
767 1368 834 1434 aue
856 1366 1000 1447 vectus.

670 1483 858 1554 (evolans)

293 1596 426 1679 Separat
447 1594 564 1662 Aonios
587 1594 714 1662 Oetaeis
735 1595 850 1661 Phocis
870 1596 912 1661 ab
934 1596 1028 1676 arvis,

249 1705 333 1763 terra
354 1698 455 1780 ferax,
479 1698 553 1763 dum
576 1704 660 1763 terra
681 1698 755 1784 fuit,
778 1698 835 1764 sed
856 1705 996 1782 tempore
1019 1700 1051 1763 in
1075 1700 1127 1763 illo

249 1822 322 1885 pars
344 1801 439 1867 maris
461 1808 493 1867 ct
514 1802 596 1867 latus
617 1802 791 1867 subitarum
813 1822 943 1885 campus
965 1822 1125 1884 aquarum.

249 1925 339 1970 mons
361 1905 406 1969 ibi
428 1905 598 1971 verticibus
620 1906 699 1989 petit
719 1904 837 1970 arduus
858 1911 944 1970 astra
965 1904 1095 1986 duobus,

248 2008 375 2073 nomine
397 2010 564 2090 Parnasus,
588 2014 801 2092 superantque
822 2009 986 2073 cacumina
1007 2009 1115 2073 nubes.
1310 2021 1325 2065 o

249 2114 301 2178 hie
322 2113 376 2179 uhi
397 2113 570 2178 Deucalion
592 2150 636 2159 -
657 2134 731 2177 nam
755 2119 859 2178 cetera
880 2119 1003 2177 texerat
1024 2132 1141 2194 aequor
1162 2149 1203 2157 -

249 2237 320 2281 eum
342 2222 485 2282 consorte
507 2216 565 2280 ton'
587 2236 686 2300 parva
708 2223 776 2281 rate
798 2223 907 2281 vectus
929 2215 1083 2296 adhaesit,

249 2318 421 2401 Corycidas
444 2318 602 2402 nymphas
624 2325 656 2383 et
676 2320 809 2383 numina
830 2318 945 2383 montis
966 2318 1077 2382 adorat

249 2421 473 2504 fatidicamque
494 2421 639 2502 Themin,
664 2441 745 2504 quae
768 2428 843 2485 tune
865 2421 970 2485 oracla
992 2422 1129 2485 tenebat.

248 2545 311 2589 non
333 2524 385 2590 illo
407 2523 517 2589 melior
539 2525 703 2607 quisquam
726 2543 787 2589 nee
807 2524 961 2589 amantior
982 2524 1075 2605 aequi
1295 2532 1326 2579 1⁰

248 2628 297 2691 vir
317 2626 386 2706 fuit,
409 2632 466 2690 aut
486 2627 541 2691 illa
562 2627 751 2692 metuentior
771 2627 836 2690 ulla
857 2625 994 2691 deorum.

248 2730 389 2813 Iuppiter
410 2735 446 2793 ut
466 2729 593 2811 liquidis
616 2736 764 2813 stagnare
785 2728 953 2813 paludibus
974 2731 1081 2795 orbem

248 2838 280 2897 et
301 2852 465 2916 superesse
486 2833 588 2897 virum
611 2832 652 2897 de
673 2838 720 2897 tot
741 2832 834 2898 modo
855 2832 981 2896 milibus
1002 2852 1098 2896 unum

248 2942 280 3000 et
302 2955 466 3020 superesse
487 2934 575 3001 videt
597 2934 638 3000 de
659 2942 705 3001 tot
727 2935 820 3000 modo
842 2935 968 3000 milibus
990 2954 1095 3015 unam,

247 3040 398 3104 innocuos
420 3040 539 3120 ambos,
563 3039 696 3105 cultores
717 3038 857 3105 numinis
879 3041 998 3118 ambos,
1294 3045 1326 3093 1⁵

247 3143 356 3207 nubila
377 3142 501 3207 disiecit
522 3143 701 3224 nimbisque
722 3143 870 3225 aquilone
891 3142 1020 3207 remotis

248 3253 279 3310 et
301 3246 388 3310 caelo
410 3252 509 3312 terras
531 3246 670 3312 ostendit
691 3252 724 3311 et
744 3247 875 3311 aethera
897 3246 996 3311 terris.

247 3369 307 3413 nee
328 3349 424 3414 maris
445 3349 493 3413 ira
514 3355 630 3431 manet,
653 3349 818 3433 positoque
839 3348 1011 3433 tricuspide
1032 3349 1094 3414 telo

247 3452 362 3516 mulcet
383 3471 483 3534 aquas
504 3458 606 3518 rector
626 3452 731 3536 pelagi
755 3471 911 3536 supraque
932 3450 1123 3535 profundum

247 3560 425 3620 exstantem
446 3560 543 3637 atque
564 3574 688 3620 umeros
710 3555 819 3619 innato
841 3555 959 3619 murice
981 3559 1096 3620 tectum
1291 3557 1326 3605 ²0

248 3657 424 3721 caeruleum
446 3657 577 3722 Tritona
598 3664 691 3723 vocat
712 3658 913 3740 conchaeque
935 3657 1058 3723 sonanti

246 3758 400 3842 inspirare
421 3759 510 3824 iubet
530 3759 705 3842 fluctusque
728 3767 761 3825 et
781 3759 912 3825 flumina
934 3760 1025 3844 signo
