2934 4117
237 169 299 225 XX
333 255 336 262 ι
602 172 707 228 Versus
724 172 904 228 memoriales.

239 351 287 413 11.
311 349 383 412 Non
405 346 478 411 ideo
501 345 596 410 debet
617 345 730 429 pelago
754 365 787 410 se
810 344 947 427 eredere,
971 345 1060 429 siqua

354 449 452 515 audet
471 450 503 513 in
527 450 641 531 exiguo
664 448 771 513 ludere
794 448 908 513 ournba
928 450 1007 513 laou.

115 577 117 581 ’
240 555 287 617 12.
311 555 417 636 Turpe
439 551 528 633 sequi
551 571 657 616 casum
681 558 712 615 et
733 551 877 615 fortunae
900 550 1012 616 cedere
1033 552 1178 632 amioum,

355 666 395 736 et,
419 654 479 718 nisi
502 655 543 718 sit
563 653 745 733 felix‚·esse
766 673 883 737 negare
905 674 1004 719 suum.

240 757 289 823 13.
311 759 417 840 Turpe
439 757 555 820 referre
577 756 701 841 pedem,
725 775 784 821 neo
805 776 901 840 passu
923 764 1005 821 stare
1027 758 1140 837 tenaci,

355 871 447 945 turpe
468 862 664 925 laborantem
687 859 864 924 deseruisse
887 866 995 924 ratem.

138 977 140 981 ‘
241 966 288 1028 14.
312 966 420 1029 Rebus
441 963 475 1027 in
497 963 640 1046 angustis
661 963 755 1027 facile
778 969 826 1027 ost
849 969 1048 1028 contemnere
1071 963 1182 1047 vitam3

360 1066 480 1131 fortiter·
500 1065 553 1129 ille
575 1065 660 1146 facit,
684 1066 737 1147 qui
760 1066 854 1130 miser
877 1086 946 1130 esse
967 1071 1079 1149 potest.

240 1171 289 1233 15.
312 1169 393 1236 Sunt
414 1167 533 1250 aliquid
554 1188 677 1251 manes;
700 1169 881 1232 letumnon
905 1168 1109 1249 ommatium,

356 1269 518 1351 luridaque
542 1271 660 1334 evictus
683 1271 793 1353 effugit
815 1272 926 1335 umbra
947 1289 1047 1353 rogos.

545 1476 603 1540 ΠΙ.
628 1476 761 1561 aripert
783 1477 956 1562 attonitu.

566 1644 589 1703 1.
607 1646 662 1704 aar
678 1650 741 1714 aute
757 1648 835 1703 mlta
851 1649 957 1714 ueniat

237 1769 281 1834 Ut
303 1767 407 1833 desint
428 1767 521 1849 vireu,
544 1774 650 1831 tamen
673 1773 720 1832 est
741 1765 900 1832 laudanda
921 1769 1079 1833 voluntas:

281 1871 340 1935 lrao
363 1891 422 1953 ego
445 1877 608 1935 contentos
630 1891 766 1954 auguror
787 1891 857 1935 esse
879 1869 964 1936 (leue.

238 1972 317 2037 haee
338 1973 423 2053 fauit,
446 1980 481 2036 ut
502 1972 611 2036 veniat
632 1992 752 2056 pauper
775 1992 907 2055 quoque
920 1980 1027 2055 gratus
1049 1970 1090 2035 ad
1113 1991 1184 2038 aras

218 2158 221 2164 Ι
282 2071 314 2139 et
334 2076 459 2158 plaoeat
481 2094 572 2139 caeso
595 2095 658 2139 non
681 2075 784 2139 minus
806 2095 890 2159 agna
911 2076 1003 2140 bove.

624 2261 652 2321 2.
670 2263 719 2321 aa
736 2262 882 2332 nunaunt.

239 2384 327 2446 Haeo
349 2381 418 2462 dea,
443 2403 514 2446 oum
536 2382 682 2466 fugerent
704 2384 872 2449 sceleratas
894 2384 1023 2449 numina
1045 2391 1153 2466 terras,

281 2486 315 2549 in
337 2485 386 2550 riis
408 2486 512 2551 invisa
533 2488 600 2551 sola
621 2486 772 2551 remansit
793 2485 898 2551 humo.

239 2588 318 2652 haee
340 2588 424 2669 facit,
448 2595 483 2652 ut
504 2589 591 2653 vivat
612 2588 713 2654 fossor
734 2608 859 2671 quoque
881 2589 1032 2675 oompede
1054 2591 1177 2655 vinetus

281 2691 443 2772 liberaque
464 2712 484 2755 a
505 2689 588 2756 ferro
611 2711 701 2755 orura
723 2691 828 2756 futura
849 2699 946 2776 putet.

238 2792 318 2856 haeo
339 2793 425 2873 fauit,
448 2799 491 2873 ut,
514 2793 621 2858 videat
644 2814 714 2858 oum
737 2801 835 2859 terras
856 2794 995 2876 undique
1017 2796 1128 2877 nullas,
1298 2820 1317 2871 ⁵

282 2895 454 2979 naufragus
475 2896 508 2960 in
531 2895 643 2960 mediis
665 2895 813 2961 bracchia
834 2897 930 2962 iactet
951 2898 1049 2979 aquis.

239 3017 335 3081 saepe
356 2998 492 3079 aliquem
516 2999 624 3064 sollers
646 2999 838 3064 medicorum
862 3020 936 3064 eura
956 3001 1091 3082 reliquit,

281 3120 342 3164 neo
363 3119 437 3184 spes
458 3099 532 3164 huie
553 3121 637 3165 vena
658 3100 824 3166 deficiente
848 3102 940 3166 eadit.

240 3221 365 3267 earcere
387 3201 533 3267 dicuntur
555 3204 652 3268 olausi
676 3224 802 3288 sperare
824 3205 966 3287 salutem,

282 3311 377 3387 atque
399 3305 511 3387 aliquis
533 3306 675 3390 pendens
697 3308 731 3371 in
754 3327 845 3372 oruoe
868 3318 941 3374 vota
961 3309 1047 3374 facit.
1283 3330 1318 3380 ιο

578 3493 605 3551 3.
623 3496 745 3553 {tatuit
761 3496 791 3552 in
808 3498 855 3552 itt
872 3497 935 3554 aiot.

240 3610 367 3677 Seilioet
388 3619 423 3677 ut
444 3612 565 3679 fulvum
588 3622 748 3699 spectatur
768 3617 801 3680 in
824 3617 951 3700 ignibus
972 3637 1092 3699 aurum,

283 3720 423 3797 ternpore
446 3716 490 3780 sio
513 3716 591 3783 duro
614 3726 661 3783 est
682 3719 882 3803 inspicienda
903 3720 990 3785 fides.
