2934 4117
258 169 301 233 30
655 185 885 252 illatumorpbolen

258 362 461 443 obstrepuere
484 358 569 424 sonis
591 365 623 422 et
644 357 767 423 mluneo
790 357 868 422 tibia
890 376 986 420 cornu

259 462 443 545 dnnulaqne
464 481 539 526 aera
561 466 689 545 sonant3
712 459 855 526 redolent
876 477 1060 541 murraeque
1083 457 1241 542 erocique;

259 584 371 648 resque
392 565 456 630 fide
478 565 586 646 maior,
610 583 741 648 coepere
763 563 918 628 virescere
940 562 1022 626 telae

259 668 355 750 inque
375 667 513 733 hederae
534 667 647 732 faciem
670 666 814 751 pendens
835 665 1035 731 frondescere
1056 664 1163 730 vestis.
1298 680 1333 729 4ο

260 790 333 855 pars
355 771 423 835 abit
443 771 477 834 in
499 770 590 850 vites,
614 775 646 834 et
667 790 749 852 quae
772 768 864 833 modo
886 767 940 832 fila
961 766 1097 845 fuerunt,

146 960 149 964 .
260 873 389 957 palmite
411 879 584 957 mutantur3
607 871 648 936 de
670 872 804 937 stamine
826 871 995 955 pampinus
1017 871 1094 950 exit,

261 997 399 1061 purpura
421 977 574 1059 fulgorem
596 976 689 1059 pictis
710 974 928 1040 accommodat
949 974 1028 1039 uvis.

261 1081 386 1160 iamque
408 1078 477 1143 dies
500 1085 630 1143 exactus
653 1084 729 1159 erat,
752 1084 938 1162 tempusque
961 1077 1095 1157 subibat,

262 1181 345 1264 quod
368 1189 402 1246 tn
424 1202 484 1247 nec
505 1184 652 1247 tenebras
674 1200 734 1246 nec
755 1180 857 1265 possis
879 1179 984 1245 dicere
1005 1180 1117 1260 lucem,
1299 1199 1336 1247 45

262 1284 318 1350 sed
341 1305 412 1350 cum
432 1286 503 1350 luce
525 1290 631 1349 tamen
654 1283 769 1349 dubiae
791 1283 926 1349 confinia
948 1283 1061 1348 noctis:

262 1395 346 1454 tecta
366 1394 497 1473 repente
519 1389 607 1471 quati
628 1388 824 1472 pinguesque
846 1385 957 1452 ardere
978 1385 1126 1452 videntur

262 1490 425 1575 lampades
447 1497 479 1556 et
499 1490 601 1555 rutilis
623 1490 776 1555 collucere
798 1488 925 1573 ignibus
946 1487 1041 1554 aedes

262 1594 404 1676 falsaque
426 1614 591 1659 saevarum
615 1594 781 1658 simulacra
803 1592 921 1656 ululare
944 1591 1088 1656 ferarum.

262 1696 383 1761 fumida
405 1695 586 1761 iamdudum
609 1696 735 1760 latitant
757 1716 814 1779 per
835 1701 918 1760 tecta
941 1715 1061 1760 sorores
1303 1717 1339 1764 50

262 1799 469 1882 diversaeque
490 1800 567 1865 locis
588 1800 680 1884 ignes
701 1819 740 1864 ac
761 1799 881 1863 lumina
902 1800 1017 1882 vitant3

263 1901 400 1984 dumque
421 1908 533 1987 petunt
555 1904 712 1983 tenebras,
734 1921 850 1986 parvos
872 1903 1055 1966 membrana
1077 1921 1133 1985 per
1155 1907 1242 1964 artus

262 2006 431 2090 porrigitur
451 2006 600 2088 tenuique
621 2005 754 2070 includit
776 2004 924 2070 bracchia
945 2026 1059 2088 penna.

263 2131 331 2191 nec,
356 2130 417 2191 qua
439 2109 634 2194 perdiderint
655 2116 795 2174 veterem
816 2108 936 2173 ratione
959 2109 1101 2192 figuram,

264 2212 343 2277 scire
366 2212 472 2277 sinunt
494 2211 652 2277 tenebrae.
677 2231 739 2276 non
762 2211 833 2276 illas
854 2211 962 2295 pluma
983 2211 1115 2295 levavit;
1305 2231 1340 2280 cs

264 2315 440 2380 sustinuere
462 2321 569 2380 tamen
591 2334 626 2380 se
647 2315 882 2398 perlucentibus
904 2314 971 2379 alis.

264 2425 458 2500 conataeque
479 2417 563 2500 loqui
586 2418 749 2482 minimam
771 2423 803 2482 et
825 2438 880 2501 pro
904 2437 1030 2501 corpore
1053 2435 1163 2483 vocem

264 2522 412 2587 emittunt
432 2528 649 2606 peraguntque
671 2522 759 2585 leves
781 2520 913 2586 stridore
936 2520 1086 2602 querelas.

264 2631 418 2707 tectaque,
442 2644 504 2689 non
528 2624 624 2689 silvas
646 2623 807 2688 celebrant
830 2620 992 2705 lucemque
1013 2643 1145 2708 perosae

264 2734 356 2792 nocte
378 2728 486 2792 volant
508 2746 640 2808 seroque
662 2732 772 2791 tenent
794 2747 813 2790 a
836 2746 968 2811 vespere
990 2746 1114 2791 nomen.
1306 2749 1342 2797 oo

556 2916 606 2985 10.
635 2918 775 3000 battare
797 2921 863 2986 aab
886 2917 1000 2985 suos.

307 3048 467 3127 dlclbbectet'
487 3048 530 3108 bet·
545 3045 633 3126 tibuiq
652 3060 704 3107 tou
718 3046 865 3124 &eripies
885 3047 952 3124 butte
970 3048 1026 3108 tem
1040 3045 1162 3123 beticus!
1181 3064 1228 3107 nm
1247 3045 1292 3126 ibn

265 3143 456 3223 querebatur,
477 3141 652 3221 culqebuqeu,
677 3143 726 3201 buc
745 3142 837 3218 boum
857 3143 899 3202 ber
918 3140 1034 3218 bletulo
1055 3159 1088 3221 qo
1106 3142 1189 3220 botru,
1212 3141 1292 3217 telles

265 3236 367 3298 dubiis
385 3236 532 3313 jetetmcnn
551 3234 579 3295 in
595 3234 676 3296 &tuin
695 3236 869 3296 bermcubdte.
899 3234 1010 3312 licteus
1028 3232 1142 3315 congius
1160 3234 1209 3296 mit
1221 3235 1294 3312 tjitle

266 3332 310 3391 bed
329 3330 440 3406 beteret
461 3332 514 3391 nub
535 3332 577 3390 ba·
597 3328 694 3407 litteus
713 3328 825 3409 pinctis)
845 3331 899 3390 unt
918 3329 1064 3408 uncalrbrt
1082 3328 1293 3410 temeritatum

266 3425 320 3484 nob
335 3422 405 3503 dieqt
423 3441 479 3483 unu
494 3422 543 3485 mit
558 3425 604 3484 ben
620 3420 825 3503 &liquidoque
847 3422 885 3484 bic
903 3420 956 3501 ibeo
970 3423 1082 3499 patoes
1098 3424 1202 3503 qrqebeu
1216 3423 1293 3500 butte,

266 3517 327 3598 norb
343 3517 479 3596 &eripique
495 3518 588 3597 gunild.

310 3651 436 3735 Viperei
458 3652 598 3717 referens
620 3651 753 3736 spolium
775 3651 976 3717 memorabile
998 3653 1128 3717 monstri

267 3760 342 3818 aera
365 3754 513 3837 carpebat
534 3759 677 3819 tenerum
699 3754 905 3819 stridentibus
926 3755 994 3820 alie.
