2934 4117
611 170 651 222 15.
677 154 754 236 tiron

168 336 307 425 pascere'
329 340 374 405 ait
396 332 550 422 ‘satiaque
571 358 642 405 meo
665 346 720 404 tua
741 345 869 423 pectora
890 339 989 425 luctu;

168 443 287 509 efferor.
334 443 458 509 exsulta
481 442 658 525 victrixque
679 442 808 508 inimica
829 442 997 527 triumpha.

168 552 348 612 curantem
371 544 508 610 victrix?
530 545 664 610 miserae
686 545 764 610 mihi
785 545 876 631 plura
896 550 1073 630 supersunt,

168 669 260 731 quam
282 648 341 714 tibi
363 648 462 714 felici:
484 653 555 733 post
576 654 623 713 tot
644 667 769 731 quoque
790 648 902 713 funcra
923 645 1037 714 vinco?

209 752 352 833 Dixerat,
376 757 408 817 et
430 751 534 816 sonuit
555 757 702 816 contento
723 771 840 816 nervus
861 754 902 818 ab
925 771 1008 816 arcu.

167 854 219 938 qui
242 862 369 941 praeter
387 854 512 920 Nioben
534 873 630 919 unam
652 855 820 920 conterruit
842 873 959 921 omnes.

167 959 221 1023 illa
242 958 326 1024 malo
349 965 398 1025 est
419 956 535 1023 audax.
581 958 709 1023 stabant
730 978 801 1023 cum
823 958 964 1024 vestibus
986 958 1062 1023 atris

167 1069 241 1127 antc
263 1067 348 1128 toros
369 1061 501 1127 fratrum
523 1060 659 1127 demisso
682 1062 769 1126 cn'ne
790 1081 920 1127 sorores.

168 1185 186 1230 e
207 1164 321 1248 quibus
342 1184 407 1229 una
428 1164 557 1230 uehens
578 1164 742 1230 haerentia
764 1165 884 1230 viscere
906 1165 970 1229 tela

166 1267 311 1353 imposito
334 1267 423 1332 fratri
444 1266 632 1332 moribunda
652 1268 810 1351 relanguit
830 1287 893 1350 ore,

167 1371 267 1436 altera
289 1370 383 1437 solari
405 1371 552 1436 miseram
576 1376 688 1436 conata
709 1377 873 1455 parentem

167 1473 318 1540 conticuit
339 1474 443 1539 subito
465 1473 685 1558 duplicataque
707 1475 838 1539 vulnere
860 1494 954 1540 caeco
977 1481 1032 1541 est.

168 1576 248 1642 haec
268 1576 385 1642 frustra
406 1575 532 1661 fugiens
555 1576 728 1658 collabitur,
751 1577 805 1641 illa
825 1578 922 1642 sorori

168 1679 351 1761 immoritur,
374 1680 452 1744 latet
472 1678 561 1761 haec,
583 1680 670 1744 illam
691 1679 849 1765 trepidare
871 1679 1003 1746 videres.

168 1802 287 1866 sexque
310 1782 392 1848 datis
413 1783 476 1847 leto
499 1781 686 1865 diversaque
708 1784 840 1849 vulnera
861 1785 962 1868 passis
984 1809 987 1816 ’

167 1887 278 1951 ultima
298 1887 451 1952 restabat:
475 1905 569 1968 quam
592 1893 656 1952 toto
678 1905 807 1971 corpore
829 1895 939 1968 mater,

167 1996 234 2055 tota
255 1997 344 2056 veste
367 1996 478 2074 tegens
501 1981 607 2055 ‘unam
629 1990 854 2073 minimamque
875 1990 1029 2072 relinque!

168 2092 208 2158 de
229 2093 335 2158 multis
357 2092 520 2157 minimam
543 2090 647 2177 posco'
671 2094 818 2159 clamavit
841 2087 883 2158 ‘et
905 2114 1001 2159 unam
1009 2090 1027 2158 l'

168 2195 305 2278 dumque
327 2203 427 2280 rogat,
449 2216 506 2280 pro
528 2195 591 2278 qua
611 2203 712 2280 rogat,
736 2196 857 2262 occidit.
896 2199 973 2264 orba
994 2196 1108 2262 resedit

168 2299 331 2364 exanimes
354 2299 548 2365 internatus
570 2305 724 2383 natasque
746 2301 911 2384 virumque

167 2400 366 2485 deriguitque
389 2403 488 2469 malis.
523 2402 626 2468 nullos
647 2409 754 2468 moret
775 2423 852 2468 aura
874 2404 1010 2487 capillos.

166 2505 201 2569 in
223 2505 311 2569 uultu
334 2506 416 2571 color
439 2506 577 2571 estsine
599 2507 764 2591 sanguine,
786 2506 907 2571 lumina
928 2507 1056 2572 maestis

167 2614 253 2672 stant
274 2608 403 2673 immota
424 2608 529 2692 genis:
552 2609 630 2673 nihil
653 2609 756 2674 estin
778 2610 917 2693 imagine
939 2611 1053 2675 vivum.

166 2710 237 2793 ipsa
259 2730 383 2794 quoque
404 2711 535 2777 interius
559 2732 629 2777 cum
652 2711 728 2778 duro
751 2713 860 2796 lingua
881 2713 986 2797 palato
1074 2731 1077 2736 ⁴

168 2815 323 2897 congelat,
347 2821 378 2879 et
400 2834 502 2881 uenae
524 2814 679 2889 desistunt
700 2835 793 2899 posse
815 2816 946 2900 moveri3

167 2935 228 2980 nec
249 2915 334 2982 flecti
358 2918 465 2983 cervix
487 2937 547 2983 nec
570 2918 717 2983 bracchia
738 2918 870 2984 reddere
892 2925 994 2983 motus

166 3038 227 3083 nec
247 3040 305 3104 pes
327 3020 373 3086 ire
395 3027 512 3104 potest:
535 3021 619 3086 intra
641 3042 765 3104 quoquc
787 3022 910 3087 uiscera
931 3042 1042 3087 saxum
1066 3028 1121 3086 cst.

167 3119 221 3186 flet
244 3128 360 3188 tamen.
406 3128 439 3188 et
460 3122 558 3190 ualidi
581 3123 774 3189 circumdata
795 3124 920 3191 turbine
942 3124 1028 3189 venti

165 3223 200 3288 in
222 3226 356 3308 patriam
378 3234 470 3311 rapta
491 3233 548 3293 est.
571 3226 616 3292 ibi
638 3228 704 3292 fixa
726 3228 889 3293 cacumine
911 3227 1026 3293 montis

166 3326 303 3409 liquitur,
327 3335 358 3393 ct
380 3329 525 3395 lacrimas
547 3330 642 3394 etiam
665 3350 750 3394 nunc
772 3350 927 3395 marmora
949 3336 1086 3394 manant.

392 3510 442 3580 15.
473 3513 535 3580 dtr
556 3512 770 3596 tertianasp
792 3515 847 3582 tto
870 3497 971 3596 dioc.

211 3647 263 3710 dit
291 3648 375 3727 dolon
402 3648 463 3730 nod]
491 3649 644 3731 debentnng
671 3653 716 3712 tro
743 3651 865 3730 galbanen
891 3650 997 3729 lidrico
1025 3649 1073 3712 nrit
1098 3649 1195 3712 oreon

165 3754 219 3802 oon
245 3740 351 3823 §latuit
377 3742 439 3824 aad)
465 3741 610 3822 apennia
636 3744 817 3825 gurucqetqn
841 3759 907 3823 tour,
939 3744 1027 3806 toutbe
1053 3741 1115 3821 leinr
1142 3744 1195 3803 uno
