2934 4117
595 167 619 221 8,
643 162 781 232 berthrad.

174 343 270 421 utque
291 342 391 422 putat,
414 335 565 421 praedam
585 335 711 403 deserto
734 344 846 403 nactus
869 337 902 403 in
922 357 1008 422 agro,

174 440 317 525 virginea
337 460 469 526 puerum
492 439 578 505 ducit
599 460 656 524 per
677 441 769 506 litora
790 440 900 506 forma.

172 544 225 609 ille
247 563 333 612 mero
354 563 525 627 somnoque
546 543 652 627 gravis
675 544 810 610 titubare
832 544 957 610 videtur

173 646 292 729 vixque
313 646 412 730 sequi.
459 653 566 731 specto
590 648 706 714 cultum
728 645 905 730 faciemque
927 646 1138 731 gradumque:

174 750 219 814 nil
240 749 294 830 ibi,
320 748 403 833 quod
426 748 511 815 credi
533 755 640 832 posset
662 751 802 830 mortale,
825 749 982 816 videbam.

175 859 208 917 ot
228 852 313 917 sensi
336 859 369 917 ot
391 850 458 917 dixi
481 852 588 917 sociis:
614 852 718 939 „quod
741 872 857 917 numen
880 853 913 917 in
935 853 995 918 isto

174 975 303 1039 corpore
325 955 376 1037 sit,
399 954 522 1040 dubito;
546 955 602 1021 sed
624 975 755 1041 corpore
777 976 893 1021 numen
915 956 948 1020 in
971 956 1031 1021 isto
1054 961 1110 1021 est.

174 1057 314 1140 quisquis
338 1077 381 1138 es,
404 1078 423 1122 o
444 1056 554 1123 faveas
576 1059 752 1141 nostrIsque
773 1059 933 1125 laboribus
953 1057 1053 1142 adsis;

173 1160 225 1225 his
247 1180 370 1243 quoque
392 1160 449 1225 des
470 1161 626 1226 veniam.“
654 1181 730 1247 ,pro
752 1162 843 1227 nobis
865 1161 955 1227 mitte
977 1161 1126 1245 precari,“

173 1265 287 1348 Dictys
309 1264 363 1345 ait,
388 1284 452 1346 quo,
471 1285 534 1330 non
556 1265 637 1330 alius
661 1266 871 1331 conscendere
893 1285 1031 1331 summas

174 1368 259 1434 ocior
279 1373 446 1433 antemnas
467 1386 643 1452 prensoque
665 1366 799 1434 rudente
821 1369 929 1434 relabi.

174 1472 235 1535 hoc
255 1471 365 1553 Libys,
388 1470 448 1536 hoc
469 1470 580 1552 flavus,
602 1492 713 1556 prorae
735 1473 842 1553 tutela,
864 1472 1051 1552 Melanthus,

174 1574 234 1639 hoc
256 1575 369 1659 probat
389 1573 575 1640 Alcimedon
597 1581 638 1656 et,
662 1575 715 1659 qui
737 1576 940 1658 requiemque
963 1561 1152 1657 modumque

177 1697 254 1744 voce
277 1677 375 1744 dabat
397 1677 501 1759 remis,
524 1678 700 1743 animorum
722 1678 863 1744 hortator
884 1679 1040 1763 Epopeus,

176 1781 236 1846 hoc
257 1800 366 1846 omnes
387 1781 455 1847 alii:
478 1781 616 1866 praedae
637 1788 703 1847 tam
726 1803 821 1847 caeca
845 1782 958 1867 cupido
981 1790 1036 1847 est.

177 1905 261 1970 „non
283 1892 390 1949 tamen
413 1883 496 1949 hanc
517 1905 606 1951 sacro
628 1885 739 1951 violari
761 1885 901 1970 pondere
922 1885 1030 1969 pinum

176 1985 352 2072 perpetiar“
376 1986 459 2073 dixi3
484 2007 577 2072 ,pars
599 1987 651 2055 hic
672 1988 750 2053 mibi
772 1989 912 2054 maxima
931 1987 1039 2052 iuris.“

176 2091 272 2173 inque
293 2090 382 2155 aditu
403 2090 530 2156 obsisto.
554 2091 630 2156 furit
651 2090 880 2157 audacissimus
901 2091 986 2158 omni

176 2194 218 2260 de
239 2213 368 2259 numero
389 2193 547 2277 Lycabas,
570 2194 624 2278 qui
645 2195 749 2259 lasea
771 2194 880 2278 pulsus
900 2195 941 2260 ab
965 2195 1042 2260 urbo

177 2297 322 2363 exsilium
345 2295 414 2361 dira
434 2316 569 2382 poenam
590 2318 648 2382 pro
670 2296 768 2363 caede
789 2298 906 2362 luebat.

176 2402 205 2467 is
225 2400 314 2481 mihi,
337 2400 412 2465 dum
435 2391 528 2482 resto,
550 2399 690 2467 iuvenali
711 2406 840 2484 guttura
861 2419 969 2484 pugno

176 2505 269 2589 rupit,
293 2511 325 2569 et
346 2523 513 2569 excussum
535 2503 672 2571 misisset
692 2504 726 2568 in
748 2524 895 2586 aequora,
918 2503 945 2568 si
967 2524 1031 2569 non
1223 2517 1273 2564 roo

178 2607 359 2688 haesissem,
383 2606 527 2689 quamvis
548 2627 668 2688 amens,
690 2606 724 2671 in
747 2606 822 2672 fune
844 2612 991 2672 retentus.

177 2710 276 2794 impia
296 2708 389 2774 turba
410 2710 524 2794 probat
545 2708 672 2774 factum.
696 2716 762 2774 tum
785 2708 922 2792 denique
943 2708 1086 2773 bacchus
1112 2745 1149 2755 -

179 2811 322 2878 Bacchus
344 2812 427 2878 enirn
450 2811 552 2878 fuerat
574 2850 617 2861 -
638 2813 736 2879 veluti
759 2813 893 2877 clamore
915 2811 1034 2877 solutus

179 2917 220 2981 sit
241 2935 436 3000 soporeque
457 2936 543 2980 mero
564 2914 695 2981 redeant
717 2916 750 2980 in
773 2922 900 3001 pectora
922 2933 1042 2994 censue,

182 3017 277 3102 ,quid
299 3017 424 3083 facitis?
448 3018 517 3101 quis
540 3019 697 3084 clamor?“
721 3019 780 3103 ait3
806 3038 898 3105 „qna
921 3017 1025 3097 dicite,
1049 3024 1174 3098 nautae,
1224 3030 1271 3078 105

180 3121 241 3186 hnc
263 3141 323 3206 ope
344 3121 496 3205 perveni?
520 3141 581 3204 quo
602 3141 654 3188 me
676 3121 800 3188 deferre
821 3120 982 3206 paratis?“

183 3244 284 3309 „pone
306 3224 444 3290 metum“
467 3225 600 3291 Proreus
624 3231 675 3310 ,et
697 3244 775 3308 qnos
798 3224 979 3309 contingere
1002 3228 1111 3306 portus

181 3327 240 3392 ede
262 3326 361 3394 velis“
385 3326 480 3413 dixit,
505 3334 608 3414 „terra
629 3329 740 3395 sistere
761 3328 889 3413 potita.“

182 3428 337 3514 ,Naxon“
361 3429 406 3494 ait
427 3430 522 3497 Liber
545 3450 673 3517 ,cursus
694 3429 849 3496 advertite
871 3436 1005 3528 vestros:

180 3534 235 3597 illa
255 3532 332 3598 mihi
355 3532 467 3600 domus
489 3540 546 3616 est,
569 3534 659 3600 vobis
682 3534 740 3602 erit
762 3533 887 3618 hospita
909 3532 1030 3598 tellus.“
1224 3542 1273 3590 110

180 3656 236 3720 per
258 3656 345 3702 mare
366 3636 495 3702 fallaces
517 3656 636 3721 perque
657 3637 763 3702 omnia
785 3635 914 3700 numina
936 3636 1040 3700 iurant

181 3738 226 3804 sio
247 3738 316 3804 fore
338 3759 449 3822 meque
472 3741 581 3805 iubent
602 3740 706 3824 pictae
728 3739 803 3803 dare
826 3739 897 3803 vela
919 3737 1053 3802 carinae.
