2934 4117
235 117 277 182 84
634 131 866 202 llltclomotplqolm.

233 313 367 373 arserat:
390 313 526 403 armarat
548 306 626 372 deus
648 306 742 388 idem,
764 305 911 389 idemque
933 313 1093 372 cremarat.

233 411 297 475 iam
319 410 398 475 cinis
421 418 477 491 est,
501 407 595 476 etde
617 415 682 474 tam
705 430 821 494 magno
842 416 940 475 restat
961 409 1083 475 Achille

234 513 340 579 nescio
362 512 446 596 quid,
469 532 600 596 parvam
623 511 706 595 quod
728 533 791 578 non
814 513 896 577 bene
919 513 1072 598 compleat
1094 533 1218 578 urnam:
1290 536 1306 583 o

233 625 267 681 at
289 615 376 697 vivit,
399 622 497 681 totum
520 636 602 700 quae
623 616 724 700 gloria
746 617 901 701 compleat
922 616 1038 681 orbem.

236 717 313 785 hace
334 720 380 785 illi
402 739 549 785 mensura
570 720 638 784 viro
659 718 837 805 respondet,
861 724 893 784 et
914 718 975 784 hac
997 726 1046 785 est

192 906 194 909 ι
234 842 293 907 par
313 822 375 888 sibi
396 822 521 889 Pelides
543 842 602 888 nec
623 823 732 888 inania
753 824 884 888 Tartara
906 822 1009 888 sentit.

234 926 302 1010 ipse
324 926 428 1008 etiam,
452 933 496 1007 nt,
519 927 607 992 cuins
628 925 733 1007 fuerit,-
755 945 943 1009 cognoscere
965 944 1083 1011 posses,

234 1029 318 1094 bella
339 1036 444 1096 movet
466 1029 593 1114 clipeus,
616 1028 718 1113 deque
740 1030 836 1095 armis
857 1049 944 1093 arma
966 1027 1116 1095 feruntur.
1277 1049 1307 1098 re

234 1152 297 1197 non
320 1151 359 1197 ea
380 1131 531 1216 Tydides,
554 1152 616 1197 non
640 1131 736 1198 audet
758 1130 867 1198 Oileos
889 1131 981 1212 Aiax,

235 1254 297 1301 non
320 1235 422 1300 minor
442 1235 579 1317 Atrides,
602 1255 664 1301 non
687 1236 769 1302 bello
791 1234 890 1300 maior
912 1241 944 1299 et
966 1254 1047 1300 aevo

234 1358 372 1423 poscere,
395 1358 458 1405 non
480 1338 549 1404 alii:
572 1340 646 1405 solis
667 1339 838 1404 Telamone
861 1343 964 1402 creato

235 1443 409 1525 Laerteque
431 1442 491 1507 fuit
513 1449 620 1508 tantae
641 1441 757 1507 fiducia
779 1440 889 1508 laudis·

234 1567 255 1611 a
276 1565 311 1612 se
331 1544 515 1612 Tantalides
537 1565 616 1612 onus
637 1543 853 1628 invidiamque
875 1544 1007 1610 removit

234 1649 457 1733 Argolicosque
480 1649 576 1714 duces
598 1647 710 1714 mediis
732 1646 893 1713 considere
917 1647 1026 1713 castris

235 1752 326 1817 iussit
348 1758 380 1816 et
400 1752 563 1817 arbitrium
586 1751 649 1817 litis
671 1750 795 1816 traiecit
815 1751 848 1816 in
872 1770 989 1815 omnes.

279 1853 456 1921 Consedere
478 1854 583 1936 duces,
607 1861 638 1919 et
660 1854 747 1939 uulgi
769 1860 872 1920 stante
896 1873 1009 1918 corona

235 1958 334 2042 surgit
356 1957 398 2023 ad
420 1958 477 2024 hos
500 1958 591 2042 clipei
614 1958 760 2025 dominus
782 1957 994 2042 septemplicis
1016 1958 1113 2043 Aiax3

235 2068 332 2144 utque
354 2067 421 2126 erat
443 2062 610 2147 impatiens
633 2062 708 2143 irae,
731 2062 843 2144 Sigeia
864 2069 952 2126 torvo
1274 2078 1308 2126 cc

235 2165 326 2230 litora
347 2163 488 2247 respexit
510 2163 704 2247 classemque
726 2165 759 2228 in
782 2164 873 2229 litore
894 2164 982 2228 vultu

235 2265 464 2349 intendensque
487 2286 600 2332 manus
621 2260 765 2349 ‘agimus
788 2287 844 2351 pro
867 2262 1034 2351 Iuppiterl'
1056 2266 1158 2349 inquit

235 2364 320 2436 ‘ante
341 2376 425 2435 rates
448 2389 586 2451 causam,
609 2376 640 2435 et
662 2390 785 2435 mecum
808 2369 966 2435 confertur
987 2369 1121 2436 Ulixes?

235 2480 268 2539 at
290 2494 352 2538 non
375 2473 537 2539 Hectoreis
559 2473 715 2538 dubitavit
738 2471 849 2539 cedere
870 2472 1014 2554 flammis,

237 2597 314 2659 quas
336 2596 395 2660 ego
418 2577 561 2657 sustinui,
586 2597 663 2659 quas
686 2578 747 2641 hac
768 2597 788 2641 a
810 2578 908 2641 classe
930 2575 1048 2660 fugavi.
1274 2593 1308 2641 ao

235 2680 332 2745 tutius
354 2686 404 2744 est
424 2680 520 2762 igitur
541 2678 622 2745 fictis
644 2679 833 2745 contendere
855 2679 969 2760 verbis,

236 2803 330 2866 quam
351 2803 494 2867 pugnare
515 2784 623 2847 manu!
648 2782 704 2848 sed
726 2802 786 2847 nec
807 2781 884 2847 mihi
906 2781 1010 2847 dicere
1031 2786 1217 2865 promptum,

236 2905 295 2951 nec
317 2885 420 2951 facere
443 2892 492 2951 est
512 2887 579 2950 isti:
603 2894 816 2968 quantumque
839 2906 897 2969 ego
919 2886 1019 2950 Marte
1041 2884 1136 2949 feroci

236 2991 331 3072 inque
352 2989 421 3054 acie
442 2988 542 3071 valeo,
565 2994 686 3053 tantum
710 2989 794 3055 valet
817 2990 876 3054 iste
898 2988 1062 3071 loquendo.

237 3112 295 3158 nec
316 3091 520 3157 memoranda
542 3099 648 3157 tamen
671 3093 760 3158 vobis
782 3112 854 3156 mea
874 3092 968 3172 facta,
991 3092 1126 3175 Pelasgi,
1275 3108 1311 3155 30

237 3215 306 3261 csse
327 3214 410 3260 reor:
433 3194 557 3260 vidistis
579 3195 678 3280 enim;
701 3214 759 3259 sua
781 3201 886 3259 narret
908 3194 1027 3276 Ulixes,

237 3318 318 3381 quae
340 3298 408 3363 sine
430 3304 510 3364 teste
532 3299 623 3382 gerit,
646 3319 777 3381 quorum
800 3319 864 3364 nox
888 3298 1012 3363 conscia
1033 3296 1100 3363 sola
1122 3303 1177 3362 est.

236 3401 376 3484 praemia
397 3422 514 3485 magna
535 3402 600 3485 peti
623 3402 737 3486 fateor5
761 3401 817 3467 sed
840 3401 937 3466 demit
958 3400 1107 3466 honorem

236 3504 390 3568 aemulus:
414 3504 503 3568 Aiaci
525 3525 588 3569 non
611 3511 659 3570 est
681 3505 820 3570 tenuisse
842 3505 1020 3587 superbum,

237 3605 371 3670 sitlicet
392 3606 452 3672 hoc
473 3607 596 3691 ingens,
620 3607 768 3691 quicquid
792 3607 930 3691 speravit
952 3607 1070 3672 Ulixes.
1277 3626 1313 3674 es

237 3708 296 3772 iste
319 3708 388 3774 tulit
410 3710 544 3797 pretium
566 3712 630 3776 iarn
653 3731 737 3778 nunc
759 3710 973 3798 temptaminis
996 3710 1101 3775 huius:
