2934 4117
585 131 626 183 21.
646 125 803 195 dupundius.

180 300 319 384 captavit
340 298 482 384 refugam
504 300 685 385 stupuitque
706 299 828 365 Ixionis
850 299 944 380 orbis,

180 421 239 468 nec
260 422 405 486 carpsere
426 403 513 468 iecur
534 403 677 468 volucres
698 402 848 485 urnisque
870 407 1022 468 vacarunt

108 549 111 561 ι
179 505 305 570 Belides
327 505 421 587 inque
443 511 496 571 tuo
519 505 637 586 sedisti,
660 504 807 588 Sisyphe,
831 524 918 570 saxo.

181 614 255 672 tunc
275 607 409 692 primum
432 608 568 673 lacrimis
589 608 743 673 victarum
766 609 904 673 carmine
925 607 1010 671 fama
1033 612 1080 671 est
1221 625 1256 677 to

180 709 389 775 Eumenidum
411 710 570 777 maduisse
591 731 699 795 genas.
724 730 784 776 nec
806 711 894 794 regia
916 711 1054 776 coniunx

181 813 313 879 sustinet
335 814 446 894 oranti,
468 833 529 879 nec
551 815 604 897 qui
626 813 706 898 regit
727 815 809 894 ima·
824 832 941 899 negare

180 915 422 1000 Eurydicenque
443 923 565 982 vocant.
590 917 717 982 umbras
740 923 807 981 erat
829 917 883 981 illa
898 906 1046 981 ⁴recentes

110 1071 113 1080 .
181 1019 263 1083 inter
284 1025 316 1083 et
337 1019 465 1085 incessit
486 1040 582 1104 passu
605 1018 645 1084 de
667 1020 797 1084 vulnere
819 1018 916 1084 tardo.

181 1119 264 1186 hanc
285 1121 377 1187 simul
399 1129 431 1187 et
451 1122 554 1206 legem
576 1121 782 1205 Rhodopeius
804 1121 919 1206 accipit
941 1119 1097 1205 Orpheus,
1223 1141 1257 1189 oo

181 1244 222 1289 ne
243 1224 350 1290 flectat
371 1233 452 1290 retro
475 1230 532 1290 sua
553 1226 681 1304 lumina,
705 1225 806 1291 donec
827 1226 971 1291 Avernas

182 1327 295 1392 exierit
316 1327 428 1393 valles:
450 1334 506 1393 aut
526 1328 614 1392 irrita
635 1326 718 1392 dona
740 1327 853 1393 futura.

225 1430 370 1514 Carpitur
391 1430 519 1496 acclivis
540 1451 597 1515 per
618 1438 705 1495 muta
727 1431 852 1496 silentia
874 1437 999 1513 trames,

182 1532 306 1614 arduus,
330 1534 489 1614 obscurus,
513 1535 646 1617 caligine
669 1534 786 1600 densus
808 1554 915 1618 opaca.

182 1656 242 1701 nec
262 1636 369 1721 procul
390 1636 538 1701 afuerunt
559 1636 678 1702 tellude
699 1638 842 1720 margine
864 1656 1018 1702 summae:
1224 1690 1257 1739 55

184 1738 243 1820 hic,
267 1759 307 1804 ue
330 1737 486 1820 deficeret,
509 1745 653 1805 metuens
674 1739 848 1821 avidusque
871 1739 1000 1804 videndi

182 1840 271 1906 flexit
293 1861 403 1906 amans
426 1843 540 1924 oculos,
564 1849 595 1906 et
617 1843 759 1926 protinus
781 1843 834 1906 illa
856 1843 979 1926 relapsa
1002 1848 1049 1906 est
1145 1850 1149 1855 “

183 1943 392 2026 bracchiaque
413 1944 581 2011 intendens
603 1944 777 2029 prendique
801 1954 832 2010 et
854 1943 1008 2029 prendere
1031 1950 1154 2010 certans

183 2046 228 2109 nil
250 2046 311 2110 nisi
333 2046 482 2112 cedentes
503 2046 615 2111 infelix
637 2048 746 2131 arripit
767 2067 868 2112 auras.

184 2149 308 2231 iamque
330 2149 442 2213 iterum
464 2150 601 2215 moriens
622 2170 684 2214 non
709 2157 757 2215 est
779 2149 819 2215 de
842 2152 974 2235 coniuge
997 2150 1164 2232 quicquam
1225 2167 1258 2215 eo

184 2259 295 2335 questa
316 2272 389 2317 suo:
412 2253 488 2334 quid
510 2254 594 2318 enim
616 2253 678 2319 nisi
700 2273 734 2319 se
758 2260 937 2335 quereretur
958 2252 1118 2318 amatam?

184 2373 426 2439 supremumque
448 2348 550 2437 ‘vale',
574 2355 742 2438 quodiam
765 2355 821 2420 vix
843 2356 969 2422 auribus
991 2356 1043 2420 illo

183 2457 349 2540 acciperet,
373 2458 454 2521 dixit
476 2459 677 2540 revolutaque
700 2477 806 2524 rursus
829 2457 940 2523 eodem
963 2464 1019 2523 est.

227 2559 377 2626 Orantem
398 2561 575 2644 frustraque
598 2564 709 2626 iterum
732 2562 864 2628 transire
886 2562 1043 2628 volentem

184 2663 314 2747 portitor
335 2671 484 2729 arcuerat.
513 2672 634 2748 septem
656 2672 763 2730 tamen
785 2665 837 2731 ille
859 2665 970 2730 diebus
1227 2683 1258 2730 os

185 2764 345 2847 squalidus
366 2767 399 2830 in
422 2769 491 2851 ripa
514 2768 635 2834 Cereris
658 2769 725 2833 sine
748 2787 877 2832 munere
900 2767 990 2832 sedit,

186 2888 259 2932 cura
281 2868 429 2950 dolorque
451 2871 548 2934 animi
569 2865 779 2953 lacrimaeque
801 2870 950 2935 alimenta
972 2870 1067 2936 fuere.

186 2989 256 3035 esse
277 2970 353 3036 deos
375 2972 470 3037 Erebi
493 2972 633 3039 crudeles
656 2980 784 3056 questus
805 2973 838 3037 in
861 2973 956 3036 altam

185 3091 221 3137 se
241 3073 351 3158 recipit
372 3074 546 3159 Rhodopen
569 3076 755 3160 pulsumque
777 3075 975 3157 aquilonibus
998 3075 1159 3138 Haemum.

563 3255 614 3326 21.
639 3258 839 3341 denuntior.

228 3384 346 3468 Ingens
369 3404 479 3450 cervus
501 3391 568 3449 erat
589 3386 713 3466 lateque
736 3385 919 3468 patentibus
941 3382 1022 3446 altas

186 3485 255 3569 ipse
276 3505 332 3551 suo
355 3487 450 3571 capiti
471 3488 644 3571 praebebat
666 3488 812 3553 cornibus
835 3489 971 3552 umbras.

186 3607 303 3653 cornua
324 3589 488 3673 fulgebant
510 3611 595 3671 auro,
619 3590 819 3673 demissaque
841 3590 874 3654 in
897 3608 1002 3654 armos

186 3689 367 3777 pendebant
388 3694 479 3758 tereti
501 3699 661 3777 gemmata
682 3693 811 3758 monilia
834 3694 923 3757 collo.

237 3800 307 3848 osus
319 3802 451 3857 cuthhtte
464 3803 556 3858 batuto
579 3804 618 3858 (Θ,
627 3803 710 3859 &tque
724 3802 747 3847 ia
761 3801 849 3857 haustu.)
1049 3794 1065 3845 ὃ
