2934 4117
251 151 311 215 104
646 167 878 239 birtumurpboleu

248 342 274 406 si
297 342 418 411 erescit.
442 341 542 407 minor
564 349 621 424 est,
644 342 752 424 maior,
776 342 803 408 si
826 341 980 408 ooutrabit
1002 343 1133 409 orbem'
1157 406 1161 413 .

248 442 345 526 quid?
368 464 431 508 uon
453 444 487 508 in
508 444 632 530 speeies
654 443 823 511 sueeedere
845 451 990 527 quattuor
1011 465 1129 510 annum
1291 463 1341 512 rra

246 545 393 631 adspicis,
416 547 529 612 aetatis
550 553 756 631 peragentem
777 547 953 613 imitamina
974 546 1123 613 nostrae?

247 668 321 712 uam
342 655 491 714 tenerae
511 649 633 715 laetens
654 649 807 735 puerique
828 649 1004 715 simillimus
1024 669 1105 714 aevo

247 770 322 816 vere
343 772 426 817 novo
448 758 505 817 est.
550 758 625 817 tuno
646 751 747 818 herba
767 772 877 818 reeens
899 758 932 818 et
952 752 1072 818 roboris
1094 771 1209 837 expers

187 934 189 938 Α
248 859 352 938 turget
375 861 406 919 et
427 852 562 921 insolida
584 860 631 920 est
654 861 686 920 et
706 874 765 941 spe
786 853 923 920 deleotat
943 862 1093 940 agrestes,

248 956 353 1021 omnia
374 963 450 1023 tune
470 956 592 1041 florent,
615 957 789 1041 florumque
811 957 966 1024 eoloribus
987 957 1088 1023 almus

248 1058 327 1124 ludit
348 1080 434 1143 ager,
456 1079 560 1144 neque
581 1060 685 1127 adhue
706 1060 806 1127 virtus
828 1060 862 1125 in
883 1059 1048 1127 frondibus
1069 1060 1134 1125 ulla
1155 1065 1211 1126 est.

248 1161 360 1228 transit
381 1163 413 1227 in
436 1169 589 1230 aestatem
611 1170 681 1248 post
702 1184 759 1229 ver
781 1163 935 1229 robustior
956 1182 1058 1229 annus

248 1265 345 1348 fitque
366 1266 477 1331 valens
498 1266 636 1341 iuvenis:
659 1286 764 1350 neque
785 1266 870 1332 enim
892 1265 1047 1333 robustior
1067 1272 1157 1332 aetas

248 1368 313 1432 ulla
333 1388 394 1434 neo
414 1369 548 1451 uberior,
571 1388 631 1435 neo
653 1389 735 1452 quae
756 1369 860 1453 magis
880 1367 1001 1451 ardeat,
1023 1369 1088 1434 ulla
1110 1374 1166 1434 est.

249 1470 368 1555 exeipit
389 1478 567 1554 autumnus,
591 1472 692 1557 posito
713 1471 838 1539 fervore
860 1471 1008 1538 iuventae

249 1580 390 1640 maturus
412 1573 568 1658 mitisque,
590 1574 674 1640 inter
694 1574 904 1659 iuvenemque
925 1595 1097 1658 senemque

250 1676 401 1762 temperie
421 1677 554 1760 medius,
577 1697 705 1764 sparsus
727 1699 852 1763 quoque
875 1686 1018 1764 tempora
1039 1679 1136 1745 oanis.

250 1779 325 1846 inde
346 1780 454 1846 senilis
475 1780 578 1846 hiems
599 1781 732 1847 tremulo
755 1782 843 1847 venit
865 1780 993 1847 horrida
1013 1801 1119 1866 passu,

250 1889 304 1948 aut
325 1883 459 1969 spoliata
480 1903 563 1965 suos,
586 1889 642 1949 aut
664 1904 742 1966 quos
763 1883 870 1967 habet,
892 1884 966 1950 alba
988 1884 1125 1970 capillos.

250 1991 356 2053 nostra
378 2007 502 2070 quoque
523 1987 662 2072 ipsorum
683 2008 808 2072 semper
829 1987 999 2072 requieque
1021 1987 1090 2053 siue
1112 1988 1177 2053 ulla
1299 2007 1351 2057 140

197 2122 199 2125 v
251 2109 381 2175 eorpora
403 2096 575 2172 vertuntur,
599 2110 668 2173 nee,
691 2091 776 2174 quod
797 2091 953 2158 fuimusve
975 2111 1133 2173 somnove,

252 2213 322 2260 eras
343 2193 467 2261 erimus.
505 2194 603 2259 iaeuit
624 2194 760 2279 primum
782 2194 851 2261 sine
873 2194 992 2261 viribus
1013 2194 1133 2277 insans3

252 2316 327 2362 mox
350 2296 528 2381 quadrupes
550 2298 674 2380 rituque
695 2298 768 2362 tulit
789 2317 847 2363 sua
868 2299 1010 2364 membra
1030 2296 1167 2361 ferarum

251 2399 464 2484 paulatimque
486 2406 623 2466 tremens
645 2406 677 2465 et
699 2400 838 2465 nondum
860 2400 978 2485 poplite
1000 2398 1088 2464 firmo

253 2502 392 2568 constitit
412 2502 529 2568 adiutis
550 2502 656 2587 aliquo
679 2503 845 2569 conamine
866 2502 981 2568 nervis.

252 2605 327 2670 inde
348 2605 459 2672 valens
481 2605 638 2688 veloxque
658 2605 719 2671 fuit
741 2606 940 2691 spatiumque
962 2606 1110 2671 iuventae

253 2707 379 2792 trausit;
403 2714 434 2773 et
457 2707 594 2774 emeritis
616 2707 711 2773 medii
734 2729 858 2792 quoque
880 2708 1030 2792 temporis
1051 2707 1144 2772 anuis

253 2810 369 2876 labitur
390 2810 539 2876 oeeiduae
561 2831 618 2895 per
639 2812 699 2876 iter
719 2810 844 2877 deelive
866 2818 1021 2878 seneotae.

232 2984 233 2987 Ἴ
254 2913 375 2978 subruit
395 2912 475 2979 haee
496 2914 568 2979 aevi
592 2913 820 2996 demoliturque
842 2914 953 2998 prioris

254 3017 379 3100 robora;
403 3015 518 3099 fletque
540 3016 636 3083 Milon
659 3017 773 3099 senior,
796 3037 867 3082 eum
890 3024 1012 3101 spectat
1034 3018 1145 3082 inanes

254 3118 332 3200 illos,
356 3119 410 3203 qui
431 3118 556 3184 fuerant
577 3119 745 3185 solidorum
767 3120 849 3185 mole
871 3125 1008 3186 tororum

254 3221 416 3286 Herculeis
438 3222 566 3303 similes,
589 3222 702 3288 fluidos
724 3221 862 3306 pendere
884 3222 1026 3289 lacertos.

254 3322 310 3389 flet
332 3344 465 3408 quoque,
488 3325 578 3389 utin
600 3325 726 3410 speeulo
749 3344 844 3409 rugas
865 3324 1013 3410 adspexit
1034 3325 1144 3405 aniles,

255 3425 414 3510 Tyndaris
436 3433 468 3492 et
489 3446 605 3508 seeum,
630 3448 684 3492 our
705 3428 746 3493 sit
768 3429 818 3494 bis
840 3434 940 3513 rapta,
961 3429 1100 3512 requirit.

256 3534 380 3613 tempus
404 3529 490 3603 edax,
509 3550 623 3612 rerum,
646 3537 753 3615 tuque,
776 3530 933 3598 invidiosa
954 3536 1106 3611 vetustas,

257 3631 363 3696 omnia
385 3631 544 3698 destruitis
566 3634 740 3716 vitiataque
762 3634 909 3701 dentibus
931 3635 1004 3701 aevi

257 3732 408 3814 paulatim
431 3735 516 3799 lenta
539 3737 721 3802 eonsumitis
744 3738 849 3803 omnia
870 3745 978 3804 morte.
