2934 4117
256 186 318 250 164
585 201 698 271 diogiae:
716 201 768 257 III.
787 201 949 272 asaroton.

251 373 369 458 frigida
390 394 441 440 me
463 373 611 440 cohibent
631 374 749 438 Euxini
771 375 860 440 litora
881 376 983 459 Ponti,

296 476 398 544 dictus
419 479 460 543 ab
483 477 621 559 antiquis
643 478 775 543 Axenus
796 478 848 543 ille
870 478 942 544 fuit:
966 472 973 479 “

253 601 326 645 nam
348 600 451 664 neque
472 581 627 646 iactantur
648 579 817 646 moderatis
838 601 976 664 aequora
997 584 1111 666 ventis,

295 703 355 749 nec
376 683 516 768 placidos
537 690 644 768 portus
666 681 792 767 hospita
813 683 904 748 navis
926 683 1002 748 adit.

253 792 326 852 sunt
348 786 432 852 circa
451 792 572 869 gentes,
597 806 677 869 quae
699 785 851 871 praedam
874 787 1030 869 sangnine
1052 795 1218 869 quaerunt:

259 915 261 918 ⁴
296 909 356 954 nec
376 889 480 954 minus
502 889 602 954 infida
623 896 707 953 terra
728 888 855 954 timetur
877 907 969 971 aqna.

253 991 307 1074 illi,
330 1011 407 1074 quos
429 990 521 1057 audis
543 991 704 1057 hominum
725 989 865 1075 gaudere
888 1011 1005 1074 cruorc,

295 1113 397 1178 paene
420 1096 477 1159 sub
500 1093 641 1158 eiusdem
664 1091 776 1158 sideris
797 1113 859 1157 axe
881 1094 994 1158 iacent.

253 1216 312 1262 nec
333 1198 441 1281 procul
462 1217 482 1261 a
503 1197 594 1262 nobis
617 1197 702 1261 locus
724 1201 782 1277 est,
804 1196 860 1261 ubi
881 1197 1016 1262 Taurica
1038 1197 1107 1263 dira

296 1299 393 1365 caede
414 1299 614 1384 pharetratae
636 1300 793 1383 spargitur
813 1319 869 1363 ara
890 1299 978 1365 deae.

254 1403 305 1468 hic
326 1423 382 1488 pro
403 1403 567 1488 supposita
588 1403 677 1487 virgo
698 1403 846 1487 Pelopeia
869 1423 962 1467 cerva

296 1526 386 1571 sacra
407 1506 486 1571 deae
509 1507 603 1571 coluit
625 1505 864 1588 qualiacumque
886 1525 970 1571 suae.

254 1629 314 1692 quo
336 1615 511 1694 postquam,
534 1608 665 1674 dubium
687 1609 758 1693 pius
779 1628 821 1672 an
844 1608 1023 1692 sceleratus,
1047 1609 1174 1676 Orestes

296 1718 427 1777 exactus
449 1711 538 1777 furiis
559 1718 689 1776 venerat
709 1711 778 1795 ipse
801 1711 865 1776 suis

253 1820 284 1880 et
306 1833 410 1879 comes
432 1815 612 1898 exemplum
633 1813 700 1879 veri
721 1813 865 1879 Phoceus
886 1813 1011 1897 amoris,

296 1918 349 2000 qui
371 1916 433 1982 duo
455 1918 647 2001 corporibus,
667 1915 825 1982 mentibus
847 1936 928 1982 unus
951 1923 1048 2002 erant,

184 2070 185 2073 η
211 2088 216 2099 ,
252 2020 393 2106 protinus
415 2019 532 2085 evincti
553 2020 672 2085 tristem
695 2019 850 2085 ducuntur
870 2020 913 2085 ad
935 2041 1032 2103 aram,

297 2143 377 2206 quae
400 2124 506 2188 stabat
526 2122 669 2206 geminas
690 2128 765 2188 ante
787 2130 917 2189 cruenta
938 2123 1029 2190 fores.

253 2248 313 2293 nec
333 2235 441 2292 tamen
462 2226 547 2292 hunc
569 2247 627 2292 sua
647 2246 730 2293 mors
752 2247 812 2292 nee
833 2248 917 2294 mors
939 2249 996 2295 sna
1018 2230 1128 2294 terruit
1151 2230 1251 2295 illum:

295 2332 375 2395 alter
396 2331 436 2397 ob
458 2330 587 2395 alterius
609 2330 721 2396 lunera
742 2337 881 2397 maestus
904 2337 979 2396 erat.

254 2440 286 2500 et
307 2435 370 2498 iam
393 2433 575 2498 constiterat
597 2434 704 2498 stricto
725 2453 873 2499 mucrone
896 2434 1051 2517 sacerdos,

296 2537 439 2601 cinxerat
461 2541 493 2599 et
515 2535 627 2601 Graias
649 2537 784 2603 barbara
805 2537 886 2601 vitta
908 2557 1021 2619 comas,

255 2660 325 2705 cum
347 2638 418 2703 vice
440 2639 592 2704 sermonis
614 2638 742 2703 fratrem
764 2638 913 2723 cognovit
934 2645 965 2704 et
986 2639 1032 2703 illi

296 2763 353 2828 pro
374 2761 453 2808 nece
475 2743 658 2825 complexus
679 2741 846 2825 Iphigenia
868 2740 964 2807 dedit.

253 2847 337 2910 laeta
358 2844 438 2910 deae
460 2845 584 2929 signum
607 2843 745 2910 crudeha
766 2863 856 2909 sacra
876 2864 1008 2930 perosae

296 2948 454 3013 transtuht
477 2967 517 3012 ex
539 2947 602 3012 illis
622 2947 656 3011 in
678 2945 807 3033 meliora
828 2946 914 3014 locis.
1003 2977 1005 2981 ¹

253 3053 333 3117 haec
353 3050 450 3135 igitur
471 3050 566 3134 regio,
589 3050 696 3133 magni
718 3069 821 3134 paene
842 3050 952 3116 ultima
973 3052 1092 3135 mnndi,

297 3176 391 3238 quam
413 3155 523 3238 fugere
545 3152 687 3219 homines
710 3152 814 3236 dique,
837 3154 1014 3239 propinqua
1036 3156 1113 3221 mihi
1136 3163 1193 3223 est.

253 3265 349 3341 atque
370 3277 473 3322 meam
495 3262 610 3321 terram
631 3276 729 3341 prope
751 3263 824 3322 sunt
846 3257 990 3323 funebria
1013 3279 1111 3341 sacra,

297 3361 324 3427 si
347 3361 438 3425 modo
460 3360 580 3428 Nasoni
601 3361 737 3426 barbara
759 3367 843 3426 terra
864 3381 922 3428 sua
945 3369 1000 3428 est.

254 3485 272 3529 o
295 3464 416 3528 utinam
437 3463 534 3544 venti,
558 3464 671 3545 quibus
693 3470 741 3528 est
762 3464 886 3529 ablatus
908 3463 1045 3548 Orestes,

297 3565 420 3649 placato
442 3565 579 3631 referant
601 3572 633 3631 et
654 3585 725 3630 mea
747 3566 818 3631 vela
841 3564 913 3631 decl
