<?xml version="1.0" encoding="UTF-8"?>
<!DOCTYPE html PUBLIC "-//W3C//DTD XHTML 1.0 Transitional//EN"
    "http://www.w3.org/TR/xhtml1/DTD/xhtml1-transitional.dtd">
<html xmlns="http://www.w3.org/1999/xhtml" xml:lang="en" lang="en">
 <head>
  <title>
</title>
<meta http-equiv="Content-Type" content="text/html;charset=utf-8" />
  <meta name='ocr-system' content='tesseract 3.04.00' />
  <meta name='ocr-capabilities' content='ocr_page ocr_carea ocr_par ocr_line ocrx_word'/>
</head>
<body>
  <div class='ocr_page' id='page_1' title='image "ausgewhltegedic00sedlgoog_0103.png"; bbox 0 0 2934 4117; ppageno 0'>
   <div class='ocr_carea' id='block_1_1' title="bbox 416 183 864 257">
    <p class='ocr_par' dir='ltr' id='par_1_1' title="bbox 416 183 864 257">
     <span class='ocr_line' id='line_1_1' title="bbox 416 183 864 257; baseline 0 -15"><span class='ocrx_word' id='word_1_1' title='bbox 416 183 420 190; x_wconf 87' lang='lat'>&#39;</span> <span class='ocrx_word' id='word_1_2' title='bbox 529 189 570 242; x_wconf 79' lang='lat'>24.</span> <span class='ocrx_word' id='word_1_3' title='bbox 590 186 657 256; x_wconf 64' lang='lat' dir='ltr'>butt</span> <span class='ocrx_word' id='word_1_4' title='bbox 674 187 727 242; x_wconf 85' lang='lat' dir='ltr'>uub</span> <span class='ocrx_word' id='word_1_5' title='bbox 745 186 864 257; x_wconf 63' lang='lat' dir='ltr'>hisquae.</span> 
     </span>
    </p>
   </div>
   <div class='ocr_carea' id='block_1_2' title="bbox 179 358 1257 1578">
    <p class='ocr_par' dir='ltr' id='par_1_2' title="bbox 181 358 1257 549">
     <span class='ocr_line' id='line_1_2' title="bbox 181 358 1257 446; baseline 0.004 -20"><span class='ocrx_word' id='word_1_6' title='bbox 181 361 291 446; x_wconf 82' lang='lat' dir='ltr'>cffugit</span> <span class='ocrx_word' id='word_1_7' title='bbox 314 367 345 426; x_wconf 93' lang='lat' dir='ltr'>et</span> <span class='ocrx_word' id='word_1_8' title='bbox 366 367 495 441; x_wconf 82' lang='lat' dir='ltr'>remeat,</span> <span class='ocrx_word' id='word_1_9' title='bbox 518 379 574 445; x_wconf 90' lang='lat' dir='ltr'>per</span> <span class='ocrx_word' id='word_1_10' title='bbox 596 381 674 443; x_wconf 91' lang='lat' dir='ltr'>quos</span> <span class='ocrx_word' id='word_1_11' title='bbox 695 358 788 426; x_wconf 91' lang='lat' dir='ltr'>modo</span> <span class='ocrx_word' id='word_1_12' title='bbox 811 369 942 427; x_wconf 88' lang='lat' dir='ltr'>venerat</span> <span class='ocrx_word' id='word_1_13' title='bbox 964 381 1064 427; x_wconf 86' lang='lat' dir='ltr'>arcus.</span> <span class='ocrx_word' id='word_1_14' title='bbox 1223 380 1257 430; x_wconf 85' lang='lat' dir='ltr'>eo</span> 
     </span>
     <span class='ocr_line' id='line_1_3' title="bbox 222 463 974 549; baseline 0.001 -21"><span class='ocrx_word' id='word_1_15' title='bbox 222 467 265 528; x_wconf 82' lang='lat' dir='ltr'>At</span> <span class='ocrx_word' id='word_1_16' title='bbox 286 469 376 549; x_wconf 90' lang='lat' dir='ltr'>pater</span> <span class='ocrx_word' id='word_1_17' title='bbox 398 483 417 528; x_wconf 92' lang='lat' dir='ltr'>e</span> <span class='ocrx_word' id='word_1_18' title='bbox 438 464 553 549; x_wconf 90' lang='lat' dir='ltr'>populo</span> <span class='ocrx_word' id='word_1_19' title='bbox 576 470 720 528; x_wconf 90' lang='lat' dir='ltr'>natorum</span> <span class='ocrx_word' id='word_1_20' title='bbox 742 463 827 528; x_wconf 87' lang='lat' dir='ltr'>mille</span> <span class='ocrx_word' id='word_1_21' title='bbox 849 484 974 529; x_wconf 89' lang='lat' dir='ltr'>suorum</span> 
     </span>
    </p>

    <p class='ocr_par' dir='ltr' id='par_1_3' title="bbox 181 565 915 651">
     <span class='ocr_line' id='line_1_4' title="bbox 181 565 915 651; baseline 0 -19"><span class='ocrx_word' id='word_1_22' title='bbox 181 567 299 632; x_wconf 85' lang='lat' dir='ltr'>excitat</span> <span class='ocrx_word' id='word_1_23' title='bbox 320 565 474 632; x_wconf 89' lang='lat' dir='ltr'>artificem</span> <span class='ocrx_word' id='word_1_24' title='bbox 497 566 773 649; x_wconf 79' lang='lat' dir='ltr'><strong>simulatoremque</strong></span> <span class='ocrx_word' id='word_1_25' title='bbox 794 567 915 651; x_wconf 87' lang='lat' dir='ltr'>figurae</span> 
     </span>
    </p>

    <p class='ocr_par' dir='ltr' id='par_1_4' title="bbox 179 669 979 755">
     <span class='ocr_line' id='line_1_5' title="bbox 179 669 979 755; baseline -0.001 -19"><span class='ocrx_word' id='word_1_26' title='bbox 179 670 338 755; x_wconf 80' lang='lat' dir='ltr'>Morphea.</span> <span class='ocrx_word' id='word_1_27' title='bbox 374 691 437 735; x_wconf 93' lang='lat' dir='ltr'>non</span> <span class='ocrx_word' id='word_1_28' title='bbox 460 669 512 735; x_wconf 91' lang='lat' dir='ltr'>illc</span> <span class='ocrx_word' id='word_1_29' title='bbox 535 669 700 753; x_wconf 89' lang='lat' dir='ltr'>quisquam</span> <span class='ocrx_word' id='word_1_30' title='bbox 722 670 878 736; x_wconf 78' lang='lat' dir='ltr'><strong>sollertius</strong></span> <span class='ocrx_word' id='word_1_31' title='bbox 899 671 979 737; x_wconf 87' lang='lat' dir='ltr'>alter</span> 
     </span>
    </p>

    <p class='ocr_par' dir='ltr' id='par_1_5' title="bbox 180 773 1076 859">
     <span class='ocr_line' id='line_1_6' title="bbox 180 773 1076 859; baseline -0.002 -19"><span class='ocrx_word' id='word_1_32' title='bbox 180 773 329 859; x_wconf 79' lang='lat' dir='ltr'>exprimit</span> <span class='ocrx_word' id='word_1_33' title='bbox 350 773 492 838; x_wconf 87' lang='lat' dir='ltr'>incessus</span> <span class='ocrx_word' id='word_1_34' title='bbox 514 774 696 856; x_wconf 86' lang='lat' dir='ltr'>vultumque</span> <span class='ocrx_word' id='word_1_35' title='bbox 718 793 893 856; x_wconf 91' lang='lat' dir='ltr'>sonumque</span> <span class='ocrx_word' id='word_1_36' title='bbox 913 773 1076 859; x_wconf 80' lang='lat' dir='ltr'>loquendi3</span> 
     </span>
    </p>

    <p class='ocr_par' dir='ltr' id='par_1_6' title="bbox 179 875 1256 961">
     <span class='ocr_line' id='line_1_7' title="bbox 179 875 1256 961; baseline 0.006 -20"><span class='ocrx_word' id='word_1_37' title='bbox 179 877 277 942; x_wconf 88' lang='lat' dir='ltr'>adicit</span> <span class='ocrx_word' id='word_1_38' title='bbox 299 883 330 942; x_wconf 89' lang='lat' dir='ltr'>et</span> <span class='ocrx_word' id='word_1_39' title='bbox 351 883 457 942; x_wconf 85' lang='lat' dir='ltr'>vestes</span> <span class='ocrx_word' id='word_1_40' title='bbox 480 883 511 941; x_wconf 91' lang='lat' dir='ltr'>et</span> <span class='ocrx_word' id='word_1_41' title='bbox 534 875 772 943; x_wconf 90' lang='lat' dir='ltr'>consuetissima</span> <span class='ocrx_word' id='word_1_42' title='bbox 794 877 905 960; x_wconf 91' lang='lat' dir='ltr'>cuique</span> <span class='ocrx_word' id='word_1_43' title='bbox 1053 944 1058 961; x_wconf 78' lang='grc'>,</span> <span class='ocrx_word' id='word_1_44' title='bbox 1224 900 1256 947; x_wconf 78' lang='lat' dir='ltr'>oe</span> 
     </span>
    </p>

    <p class='ocr_par' dir='ltr' id='par_1_7' title="bbox 179 977 1055 1065">
     <span class='ocr_line' id='line_1_8' title="bbox 179 977 1055 1065; baseline 0.001 -21"><span class='ocrx_word' id='word_1_45' title='bbox 179 980 286 1046; x_wconf 85' lang='lat' dir='ltr'>verba.</span> <span class='ocrx_word' id='word_1_46' title='bbox 322 978 378 1045; x_wconf 89' lang='lat' dir='ltr'>sed</span> <span class='ocrx_word' id='word_1_47' title='bbox 400 977 453 1044; x_wconf 92' lang='lat' dir='ltr'>hie</span> <span class='ocrx_word' id='word_1_48' title='bbox 474 979 557 1046; x_wconf 89' lang='lat' dir='ltr'>solos</span> <span class='ocrx_word' id='word_1_49' title='bbox 578 979 722 1045; x_wconf 93' lang='lat' dir='ltr'>homines</span> <span class='ocrx_word' id='word_1_50' title='bbox 745 979 897 1065; x_wconf 63' lang='lat' dir='ltr'>inritatum</span> <span class='ocrx_word' id='word_1_51' title='bbox 920 987 954 1045; x_wconf 93' lang='lat' dir='ltr'>at</span> <span class='ocrx_word' id='word_1_52' title='bbox 976 980 1055 1045; x_wconf 85' lang='lat' dir='ltr'>alter</span> 
     </span>
    </p>

    <p class='ocr_par' dir='ltr' id='par_1_8' title="bbox 179 1082 1024 1168">
     <span class='ocr_line' id='line_1_9' title="bbox 179 1082 1024 1168; baseline -0.001 -20"><span class='ocrx_word' id='word_1_53' title='bbox 179 1083 215 1148; x_wconf 91' lang='lat' dir='ltr'>fit</span> <span class='ocrx_word' id='word_1_54' title='bbox 237 1083 314 1164; x_wconf 79' lang='lat' dir='ltr'>iera,</span> <span class='ocrx_word' id='word_1_55' title='bbox 336 1082 372 1146; x_wconf 91' lang='lat' dir='ltr'>fit</span> <span class='ocrx_word' id='word_1_56' title='bbox 394 1082 538 1163; x_wconf 87' lang='lat' dir='ltr'>volueris,</span> <span class='ocrx_word' id='word_1_57' title='bbox 561 1082 597 1146; x_wconf 89' lang='lat' dir='ltr'>fit</span> <span class='ocrx_word' id='word_1_58' title='bbox 618 1082 712 1167; x_wconf 83' lang='lat' dir='ltr'>longo</span> <span class='ocrx_word' id='word_1_59' title='bbox 735 1102 863 1168; x_wconf 90' lang='lat' dir='ltr'>corpore</span> <span class='ocrx_word' id='word_1_60' title='bbox 886 1103 1024 1168; x_wconf 80' lang='lat' dir='ltr'>serpens</span> 
     </span>
    </p>

    <p class='ocr_par' dir='ltr' id='par_1_9' title="bbox 179 1185 1016 1270">
     <span class='ocr_line' id='line_1_10' title="bbox 179 1185 1016 1270; baseline 0.001 -19"><span class='ocrx_word' id='word_1_61' title='bbox 179 1187 264 1252; x_wconf 90' lang='lat' dir='ltr'>hune</span> <span class='ocrx_word' id='word_1_62' title='bbox 285 1185 391 1251; x_wconf 90' lang='lat' dir='ltr'>Icelon</span> <span class='ocrx_word' id='word_1_63' title='bbox 414 1186 529 1270; x_wconf 87' lang='lat' dir='ltr'>superi,</span> <span class='ocrx_word' id='word_1_64' title='bbox 551 1185 682 1251; x_wconf 84' lang='lat' dir='ltr'>mortale</span> <span class='ocrx_word' id='word_1_65' title='bbox 703 1185 881 1252; x_wconf 81' lang='lat' dir='ltr'>Phobetora</span> <span class='ocrx_word' id='word_1_66' title='bbox 901 1187 1016 1270; x_wconf 78' lang='lat' dir='ltr'>vulgus</span> 
     </span>
    </p>

    <p class='ocr_par' dir='ltr' id='par_1_10' title="bbox 179 1287 1059 1365">
     <span class='ocr_line' id='line_1_11' title="bbox 179 1287 1059 1365; baseline 0.001 -11"><span class='ocrx_word' id='word_1_67' title='bbox 179 1289 330 1355; x_wconf 85' lang='lat' dir='ltr'>nominat.</span> <span class='ocrx_word' id='word_1_68' title='bbox 355 1294 403 1353; x_wconf 91' lang='lat' dir='ltr'>est</span> <span class='ocrx_word' id='word_1_69' title='bbox 425 1288 520 1353; x_wconf 89' lang='lat' dir='ltr'>etiam</span> <span class='ocrx_word' id='word_1_70' title='bbox 542 1287 686 1354; x_wconf 84' lang='lat' dir='ltr'>diversae</span> <span class='ocrx_word' id='word_1_71' title='bbox 707 1289 818 1355; x_wconf 81' lang='lat' dir='ltr'>tertius</span> <span class='ocrx_word' id='word_1_72' title='bbox 840 1290 916 1355; x_wconf 88' lang='lat' dir='ltr'>artis</span> <span class='ocrx_word' id='word_1_73' title='bbox 1055 1358 1059 1365; x_wconf 73' lang='grc'><em>,</em></span> 
     </span>
    </p>

    <p class='ocr_par' dir='ltr' id='par_1_11' title="bbox 179 1390 1256 1475">
     <span class='ocr_line' id='line_1_12' title="bbox 179 1390 1256 1475; baseline 0.005 -19"><span class='ocrx_word' id='word_1_74' title='bbox 179 1393 364 1458; x_wconf 79' lang='lat' dir='ltr'>Phantasos.</span> <span class='ocrx_word' id='word_1_75' title='bbox 388 1391 442 1456; x_wconf 91' lang='lat' dir='ltr'>ille</span> <span class='ocrx_word' id='word_1_76' title='bbox 452 1391 485 1456; x_wconf 93' lang='lat' dir='ltr'>in</span> <span class='ocrx_word' id='word_1_77' title='bbox 497 1390 626 1457; x_wconf 90' lang='lat' dir='ltr'>humum</span> <span class='ocrx_word' id='word_1_78' title='bbox 638 1412 813 1475; x_wconf 89' lang='lat' dir='ltr'>saxumque</span> <span class='ocrx_word' id='word_1_79' title='bbox 824 1392 1003 1475; x_wconf 91' lang='lat' dir='ltr'>undamque</span> <span class='ocrx_word' id='word_1_80' title='bbox 1014 1394 1208 1475; x_wconf 82' lang='lat' dir='ltr'>trabemque,</span> <span class='ocrx_word' id='word_1_81' title='bbox 1224 1414 1256 1461; x_wconf 81' lang='lat' dir='ltr'>uo</span> 
     </span>
    </p>

    <p class='ocr_par' dir='ltr' id='par_1_12' title="bbox 181 1494 1046 1578">
     <span class='ocr_line' id='line_1_13' title="bbox 181 1494 1046 1578; baseline -0.001 -18"><span class='ocrx_word' id='word_1_82' title='bbox 181 1515 323 1578; x_wconf 89' lang='lat' dir='ltr'>quaeque</span> <span class='ocrx_word' id='word_1_83' title='bbox 346 1500 461 1559; x_wconf 87' lang='lat' dir='ltr'>vacant</span> <span class='ocrx_word' id='word_1_84' title='bbox 482 1494 598 1576; x_wconf 88' lang='lat' dir='ltr'>anima,</span> <span class='ocrx_word' id='word_1_85' title='bbox 621 1495 776 1561; x_wconf 68' lang='lat' dir='ltr'>fallaciter</span> <span class='ocrx_word' id='word_1_86' title='bbox 797 1496 903 1560; x_wconf 85' lang='lat' dir='ltr'>omnia</span> <span class='ocrx_word' id='word_1_87' title='bbox 924 1496 1046 1561; x_wconf 84' lang='lat' dir='ltr'>transit.</span> 
     </span>
    </p>
   </div>
   <div class='ocr_carea' id='block_1_3' title="bbox 79 1596 989 1682">
    <p class='ocr_par' dir='ltr' id='par_1_13' title="bbox 79 1596 989 1682">
     <span class='ocr_line' id='line_1_14' title="bbox 79 1596 989 1682; baseline 0.002 -20"><span class='ocrx_word' id='word_1_88' title='bbox 79 1601 82 1605; x_wconf 76' lang='grc'>’</span> <span class='ocrx_word' id='word_1_89' title='bbox 180 1598 307 1682; x_wconf 81' lang='lat' dir='ltr'>regibus</span> <span class='ocrx_word' id='word_1_90' title='bbox 328 1596 362 1662; x_wconf 89' lang='lat' dir='ltr'>hi</span> <span class='ocrx_word' id='word_1_91' title='bbox 383 1596 579 1679; x_wconf 87' lang='lat' dir='ltr'>ducibusque</span> <span class='ocrx_word' id='word_1_92' title='bbox 601 1618 675 1663; x_wconf 90' lang='lat' dir='ltr'>suos</span> <span class='ocrx_word' id='word_1_93' title='bbox 696 1597 862 1664; x_wconf 88' lang='lat' dir='ltr'>ostendere</span> <span class='ocrx_word' id='word_1_94' title='bbox 884 1599 989 1664; x_wconf 87' lang='lat' dir='ltr'>vultus</span> 
     </span>
    </p>
   </div>
   <div class='ocr_carea' id='block_1_4' title="bbox 179 1699 1112 2093">
    <p class='ocr_par' dir='ltr' id='par_1_14' title="bbox 179 1699 1112 2093">
     <span class='ocr_line' id='line_1_15' title="bbox 179 1699 1034 1785; baseline 0 -21"><span class='ocrx_word' id='word_1_95' title='bbox 179 1707 271 1766; x_wconf 90' lang='lat' dir='ltr'>noete</span> <span class='ocrx_word' id='word_1_96' title='bbox 293 1701 404 1781; x_wconf 88' lang='lat' dir='ltr'>solent,</span> <span class='ocrx_word' id='word_1_97' title='bbox 427 1699 559 1784; x_wconf 86' lang='lat' dir='ltr'>populos</span> <span class='ocrx_word' id='word_1_98' title='bbox 580 1699 634 1764; x_wconf 86' lang='lat' dir='ltr'>alii</span> <span class='ocrx_word' id='word_1_99' title='bbox 656 1700 844 1784; x_wconf 88' lang='lat' dir='ltr'>plebemque</span> <span class='ocrx_word' id='word_1_100' title='bbox 865 1708 1034 1785; x_wconf 89' lang='lat' dir='ltr'>pererrant.</span> 
     </span>
     <span class='ocr_line' id='line_1_16' title="bbox 179 1802 1088 1887; baseline 0.001 -20"><span class='ocrx_word' id='word_1_101' title='bbox 179 1803 328 1887; x_wconf 85' lang='lat' dir='ltr'>praeterit</span> <span class='ocrx_word' id='word_1_102' title='bbox 350 1803 409 1868; x_wconf 92' lang='lat' dir='ltr'>hos</span> <span class='ocrx_word' id='word_1_103' title='bbox 430 1803 553 1886; x_wconf 84' lang='lat' dir='ltr'>genitor</span> <span class='ocrx_word' id='word_1_104' title='bbox 575 1802 759 1884; x_wconf 88' lang='lat' dir='ltr'>cunctisque</span> <span class='ocrx_word' id='word_1_105' title='bbox 782 1822 800 1867; x_wconf 93' lang='lat' dir='ltr'>e</span> <span class='ocrx_word' id='word_1_106' title='bbox 821 1802 970 1868; x_wconf 88' lang='lat' dir='ltr'>fratribus</span> <span class='ocrx_word' id='word_1_107' title='bbox 991 1824 1088 1868; x_wconf 90' lang='lat' dir='ltr'>unum</span> 
     </span>
     <span class='ocr_line' id='line_1_17' title="bbox 180 1903 1112 1989; baseline -0.001 -19"><span class='ocrx_word' id='word_1_108' title='bbox 180 1905 338 1989; x_wconf 88' lang='lat' dir='ltr'>Morphea,</span> <span class='ocrx_word' id='word_1_109' title='bbox 362 1905 415 1987; x_wconf 90' lang='lat' dir='ltr'>qui</span> <span class='ocrx_word' id='word_1_110' title='bbox 437 1911 569 1989; x_wconf 89' lang='lat' dir='ltr'>peragat</span> <span class='ocrx_word' id='word_1_111' title='bbox 590 1903 838 1970; x_wconf 82' lang='lat' dir='ltr'>Thaumantidos</span> <span class='ocrx_word' id='word_1_112' title='bbox 860 1905 954 1987; x_wconf 89' lang='lat' dir='ltr'>edita,</span> <span class='ocrx_word' id='word_1_113' title='bbox 979 1906 1112 1972; x_wconf 58' lang='lat' dir='ltr'>&amp;mnus</span> 
     </span>
     <span class='ocr_line' id='line_1_18' title="bbox 181 2008 895 2093; baseline 0.001 -20"><span class='ocrx_word' id='word_1_114' title='bbox 181 2009 276 2093; x_wconf 82' lang='lat' dir='ltr'>eligit.</span> <span class='ocrx_word' id='word_1_115' title='bbox 315 2014 347 2072; x_wconf 93' lang='lat' dir='ltr'>et</span> <span class='ocrx_word' id='word_1_116' title='bbox 368 2028 474 2073; x_wconf 90' lang='lat' dir='ltr'>rursus</span> <span class='ocrx_word' id='word_1_117' title='bbox 496 2008 582 2073; x_wconf 90' lang='lat' dir='ltr'>molli</span> <span class='ocrx_word' id='word_1_118' title='bbox 604 2009 753 2091; x_wconf 87' lang='lat' dir='ltr'>languore</span> <span class='ocrx_word' id='word_1_119' title='bbox 776 2009 895 2074; x_wconf 89' lang='lat' dir='ltr'>solutus</span> 
     </span>
    </p>
   </div>
   <div class='ocr_carea' id='block_1_5' title="bbox 181 2110 1014 2297">
    <p class='ocr_par' dir='ltr' id='par_1_15' title="bbox 181 2110 1014 2297">
     <span class='ocr_line' id='line_1_19' title="bbox 181 2110 977 2196; baseline 0.003 -22"><span class='ocrx_word' id='word_1_120' title='bbox 181 2110 387 2196; x_wconf 89' lang='lat' dir='ltr'>deposuitque</span> <span class='ocrx_word' id='word_1_121' title='bbox 411 2117 505 2194; x_wconf 91' lang='lat' dir='ltr'>caput</span> <span class='ocrx_word' id='word_1_122' title='bbox 527 2117 684 2193; x_wconf 87' lang='lat' dir='ltr'>stratoque</span> <span class='ocrx_word' id='word_1_123' title='bbox 707 2110 885 2175; x_wconf 77' lang='lat' dir='ltr'>recondidit</span> <span class='ocrx_word' id='word_1_124' title='bbox 905 2111 977 2176; x_wconf 90' lang='lat' dir='ltr'>alto.</span> 
     </span>
     <span class='ocr_line' id='line_1_20' title="bbox 222 2212 1014 2297; baseline 0 -19"><span class='ocrx_word' id='word_1_125' title='bbox 222 2214 280 2279; x_wconf 89' lang='lat' dir='ltr'>Ille</span> <span class='ocrx_word' id='word_1_126' title='bbox 301 2213 387 2279; x_wconf 89' lang='lat' dir='ltr'>volat</span> <span class='ocrx_word' id='word_1_127' title='bbox 409 2214 510 2278; x_wconf 89' lang='lat' dir='ltr'>nullos</span> <span class='ocrx_word' id='word_1_128' title='bbox 533 2213 680 2297; x_wconf 86' lang='lat' dir='ltr'>strepitus</span> <span class='ocrx_word' id='word_1_129' title='bbox 702 2212 891 2278; x_wconf 78' lang='lat' dir='ltr'>facientibus</span> <span class='ocrx_word' id='word_1_130' title='bbox 913 2213 971 2278; x_wconf 89' lang='lat' dir='ltr'>alis</span> <span class='ocrx_word' id='word_1_131' title='bbox 1004 2219 1014 2236; x_wconf 89' lang='lat'><em>&#39;</em></span> 
     </span>
    </p>
   </div>
   <div class='ocr_carea' id='block_1_6' title="bbox 180 2315 1151 3839">
    <p class='ocr_par' dir='ltr' id='par_1_16' title="bbox 180 2315 1151 2605">
     <span class='ocr_line' id='line_1_21' title="bbox 180 2315 1151 2400; baseline -0.002 -19"><span class='ocrx_word' id='word_1_132' title='bbox 180 2336 237 2400; x_wconf 88' lang='lat' dir='ltr'>per</span> <span class='ocrx_word' id='word_1_133' title='bbox 258 2316 405 2382; x_wconf 89' lang='lat' dir='ltr'>tenebras</span> <span class='ocrx_word' id='word_1_134' title='bbox 426 2316 571 2398; x_wconf 88' lang='lat' dir='ltr'>intraque</span> <span class='ocrx_word' id='word_1_135' title='bbox 593 2335 700 2380; x_wconf 90' lang='lat' dir='ltr'>morae</span> <span class='ocrx_word' id='word_1_136' title='bbox 722 2317 819 2380; x_wconf 85' lang='lat' dir='ltr'>breve</span> <span class='ocrx_word' id='word_1_137' title='bbox 841 2322 965 2399; x_wconf 84' lang='lat' dir='ltr'>tempus</span> <span class='ocrx_word' id='word_1_138' title='bbox 986 2315 1019 2379; x_wconf 88' lang='lat' dir='ltr'>in</span> <span class='ocrx_word' id='word_1_139' title='bbox 1042 2317 1151 2379; x_wconf 89' lang='lat' dir='ltr'>urbem</span> 
     </span>
     <span class='ocr_line' id='line_1_22' title="bbox 180 2417 1074 2503; baseline -0.001 -20"><span class='ocrx_word' id='word_1_140' title='bbox 180 2418 325 2503; x_wconf 82' lang='lat' dir='ltr'>pervenit</span> <span class='ocrx_word' id='word_1_141' title='bbox 345 2418 553 2482; x_wconf 85' lang='lat' dir='ltr'>Haemoniam</span> <span class='ocrx_word' id='word_1_142' title='bbox 574 2417 747 2502; x_wconf 87' lang='lat' dir='ltr'>positisque</span> <span class='ocrx_word' id='word_1_143' title='bbox 770 2437 789 2482; x_wconf 91' lang='lat' dir='ltr'>e</span> <span class='ocrx_word' id='word_1_144' title='bbox 811 2437 939 2502; x_wconf 88' lang='lat' dir='ltr'>corpore</span> <span class='ocrx_word' id='word_1_145' title='bbox 960 2418 1074 2502; x_wconf 88' lang='lat' dir='ltr'>pennis</span> 
     </span>
     <span class='ocr_line' id='line_1_23' title="bbox 181 2519 922 2605; baseline 0 -20"><span class='ocrx_word' id='word_1_146' title='bbox 181 2522 213 2585; x_wconf 93' lang='lat' dir='ltr'>in</span> <span class='ocrx_word' id='word_1_147' title='bbox 235 2520 349 2586; x_wconf 85' lang='lat' dir='ltr'>faeiem</span> <span class='ocrx_word' id='word_1_148' title='bbox 374 2520 487 2604; x_wconf 80' lang='lat' dir='ltr'>Ceycis</span> <span class='ocrx_word' id='word_1_149' title='bbox 509 2519 590 2604; x_wconf 74' lang='lat' dir='ltr'>abit,</span> <span class='ocrx_word' id='word_1_150' title='bbox 612 2527 799 2605; x_wconf 90' lang='lat' dir='ltr'>sumptaque</span> <span class='ocrx_word' id='word_1_151' title='bbox 820 2521 922 2603; x_wconf 84' lang='lat' dir='ltr'>figura</span> 
     </span>
    </p>

    <p class='ocr_par' dir='ltr' id='par_1_17' title="bbox 181 2622 1088 3530">
     <span class='ocr_line' id='line_1_24' title="bbox 181 2622 963 2705; baseline 0.001 -18"><span class='ocrx_word' id='word_1_152' title='bbox 181 2622 308 2704; x_wconf 89' lang='lat' dir='ltr'>luridus,</span> <span class='ocrx_word' id='word_1_153' title='bbox 332 2623 471 2688; x_wconf 80' lang='lat' dir='ltr'>exanimi</span> <span class='ocrx_word' id='word_1_154' title='bbox 494 2623 614 2703; x_wconf 90' lang='lat' dir='ltr'>similis,</span> <span class='ocrx_word' id='word_1_155' title='bbox 638 2623 706 2687; x_wconf 90' lang='lat' dir='ltr'>sine</span> <span class='ocrx_word' id='word_1_156' title='bbox 729 2623 870 2705; x_wconf 84' lang='lat' dir='ltr'>vestibus</span> <span class='ocrx_word' id='word_1_157' title='bbox 893 2623 963 2688; x_wconf 91' lang='lat' dir='ltr'>ullis</span> 
     </span>
     <span class='ocr_line' id='line_1_25' title="bbox 182 2724 1055 2810; baseline 0.002 -20"><span class='ocrx_word' id='word_1_158' title='bbox 182 2725 323 2810; x_wconf 87' lang='lat' dir='ltr'>coniugis</span> <span class='ocrx_word' id='word_1_159' title='bbox 345 2732 419 2790; x_wconf 90' lang='lat' dir='ltr'>ante</span> <span class='ocrx_word' id='word_1_160' title='bbox 442 2732 543 2790; x_wconf 89' lang='lat' dir='ltr'>torum</span> <span class='ocrx_word' id='word_1_161' title='bbox 564 2726 696 2790; x_wconf 88' lang='lat' dir='ltr'>miserae</span> <span class='ocrx_word' id='word_1_162' title='bbox 719 2725 814 2791; x_wconf 91' lang='lat' dir='ltr'>stetit.</span> <span class='ocrx_word' id='word_1_163' title='bbox 847 2724 910 2791; x_wconf 91' lang='lat' dir='ltr'>uda</span> <span class='ocrx_word' id='word_1_164' title='bbox 932 2724 1055 2791; x_wconf 83' lang='lat' dir='ltr'>videtur</span> 
     </span>
     <span class='ocr_line' id='line_1_26' title="bbox 182 2827 1088 2912; baseline -0.001 -19"><span class='ocrx_word' id='word_1_165' title='bbox 182 2828 281 2894; x_wconf 87' lang='lat' dir='ltr'>barba</span> <span class='ocrx_word' id='word_1_166' title='bbox 302 2827 363 2894; x_wconf 78' lang='lat' dir='ltr'>uiri</span> <span class='ocrx_word' id='word_1_167' title='bbox 385 2827 582 2910; x_wconf 90' lang='lat' dir='ltr'>madidisque</span> <span class='ocrx_word' id='word_1_168' title='bbox 603 2829 709 2912; x_wconf 88' lang='lat' dir='ltr'>gravis</span> <span class='ocrx_word' id='word_1_169' title='bbox 731 2827 830 2893; x_wconf 85' lang='lat' dir='ltr'>fluere</span> <span class='ocrx_word' id='word_1_170' title='bbox 852 2827 938 2893; x_wconf 88' lang='lat' dir='ltr'>unda</span> <span class='ocrx_word' id='word_1_171' title='bbox 960 2827 1088 2912; x_wconf 88' lang='lat' dir='ltr'>capillis.</span> 
     </span>
     <span class='ocr_line' id='line_1_27' title="bbox 181 2930 996 3015; baseline 0 -19"><span class='ocrx_word' id='word_1_172' title='bbox 181 2939 247 2996; x_wconf 92' lang='lat' dir='ltr'>tum</span> <span class='ocrx_word' id='word_1_173' title='bbox 268 2932 349 2997; x_wconf 90' lang='lat' dir='ltr'>lecto</span> <span class='ocrx_word' id='word_1_174' title='bbox 371 2931 557 2997; x_wconf 91' lang='lat' dir='ltr'>incumbens</span> <span class='ocrx_word' id='word_1_175' title='bbox 579 2931 654 2995; x_wconf 89' lang='lat' dir='ltr'>fletu</span> <span class='ocrx_word' id='word_1_176' title='bbox 677 2951 770 3014; x_wconf 89' lang='lat' dir='ltr'>super</span> <span class='ocrx_word' id='word_1_177' title='bbox 793 2951 848 2995; x_wconf 87' lang='lat' dir='ltr'>ora</span> <span class='ocrx_word' id='word_1_178' title='bbox 869 2930 996 3015; x_wconf 89' lang='lat' dir='ltr'>profuso</span> 
     </span>
     <span class='ocr_line' id='line_1_28' title="bbox 182 3028 1039 3119; baseline -0.004 -20"><span class='ocrx_word' id='word_1_179' title='bbox 182 3034 260 3099; x_wconf 88' lang='lat' dir='ltr'>haec</span> <span class='ocrx_word' id='word_1_180' title='bbox 281 3036 339 3099; x_wconf 90' lang='lat' dir='ltr'>ait:</span> <span class='ocrx_word' id='word_1_181' title='bbox 363 3028 519 3119; x_wconf 81' lang='lat' dir='ltr'>‘agnoscis</span> <span class='ocrx_word' id='word_1_182' title='bbox 542 3035 658 3118; x_wconf 77' lang='lat' dir='ltr'>Ceyca,</span> <span class='ocrx_word' id='word_1_183' title='bbox 683 3033 858 3099; x_wconf 89' lang='lat' dir='ltr'>miserrima</span> <span class='ocrx_word' id='word_1_184' title='bbox 880 3033 1039 3098; x_wconf 79' lang='lat' dir='ltr'>coniunx?</span> 
     </span>
     <span class='ocr_line' id='line_1_29' title="bbox 181 3137 1064 3221; baseline -0.001 -20"><span class='ocrx_word' id='word_1_185' title='bbox 181 3158 223 3202; x_wconf 88' lang='lat' dir='ltr'>an</span> <span class='ocrx_word' id='word_1_186' title='bbox 246 3157 317 3203; x_wconf 92' lang='lat' dir='ltr'>mea</span> <span class='ocrx_word' id='word_1_187' title='bbox 339 3144 459 3203; x_wconf 88' lang='lat' dir='ltr'>mutata</span> <span class='ocrx_word' id='word_1_188' title='bbox 481 3144 529 3202; x_wconf 87' lang='lat' dir='ltr'>est</span> <span class='ocrx_word' id='word_1_189' title='bbox 551 3137 649 3203; x_wconf 83' lang='lat' dir='ltr'>facies</span> <span class='ocrx_word' id='word_1_190' title='bbox 672 3138 773 3202; x_wconf 81' lang='lat' dir='ltr'>nece?</span> <span class='ocrx_word' id='word_1_191' title='bbox 796 3137 929 3221; x_wconf 84' lang='lat' dir='ltr'>respice!</span> <span class='ocrx_word' id='word_1_192' title='bbox 953 3155 1064 3201; x_wconf 91' lang='lat' dir='ltr'>nosces</span> 
     </span>
     <span class='ocr_line' id='line_1_30' title="bbox 182 3239 1035 3325; baseline -0.005 -20"><span class='ocrx_word' id='word_1_193' title='bbox 182 3240 387 3324; x_wconf 84' lang='lat' dir='ltr'>inveniesque</span> <span class='ocrx_word' id='word_1_194' title='bbox 409 3247 463 3305; x_wconf 91' lang='lat' dir='ltr'>tuo</span> <span class='ocrx_word' id='word_1_195' title='bbox 485 3261 540 3325; x_wconf 88' lang='lat' dir='ltr'>pro</span> <span class='ocrx_word' id='word_1_196' title='bbox 564 3241 697 3324; x_wconf 88' lang='lat' dir='ltr'>coniuge</span> <span class='ocrx_word' id='word_1_197' title='bbox 720 3240 861 3324; x_wconf 88' lang='lat' dir='ltr'>coniugis</span> <span class='ocrx_word' id='word_1_198' title='bbox 883 3239 1035 3304; x_wconf 88' lang='lat' dir='ltr'>umbram.</span> 
     </span>
     <span class='ocr_line' id='line_1_31' title="bbox 181 3343 959 3428; baseline -0.003 -21"><span class='ocrx_word' id='word_1_199' title='bbox 181 3343 227 3407; x_wconf 92' lang='lat' dir='ltr'>nil</span> <span class='ocrx_word' id='word_1_200' title='bbox 248 3343 325 3428; x_wconf 90' lang='lat' dir='ltr'>opis,</span> <span class='ocrx_word' id='word_1_201' title='bbox 349 3344 502 3427; x_wconf 86' lang='lat' dir='ltr'>Alcyone,</span> <span class='ocrx_word' id='word_1_202' title='bbox 524 3344 616 3409; x_wconf 91' lang='lat' dir='ltr'>nobis</span> <span class='ocrx_word' id='word_1_203' title='bbox 638 3349 692 3408; x_wconf 84' lang='lat' dir='ltr'>tua</span> <span class='ocrx_word' id='word_1_204' title='bbox 714 3348 789 3408; x_wconf 89' lang='lat' dir='ltr'>vota</span> <span class='ocrx_word' id='word_1_205' title='bbox 810 3344 959 3426; x_wconf 78' lang='lat' dir='ltr'>tulerunt,</span> 
     </span>
     <span class='ocr_line' id='line_1_32' title="bbox 182 3445 928 3530; baseline -0.005 -19"><span class='ocrx_word' id='word_1_206' title='bbox 182 3445 361 3511; x_wconf 87' lang='lat' dir='ltr'>occidimus.</span> <span class='ocrx_word' id='word_1_207' title='bbox 400 3445 479 3511; x_wconf 79' lang='lat' dir='ltr'>falso</span> <span class='ocrx_word' id='word_1_208' title='bbox 501 3446 560 3511; x_wconf 91' lang='lat' dir='ltr'>tibi</span> <span class='ocrx_word' id='word_1_209' title='bbox 581 3465 632 3510; x_wconf 89' lang='lat' dir='ltr'>me</span> <span class='ocrx_word' id='word_1_210' title='bbox 655 3446 834 3530; x_wconf 86' lang='lat' dir='ltr'>promittere</span> <span class='ocrx_word' id='word_1_211' title='bbox 856 3445 928 3510; x_wconf 92' lang='lat' dir='ltr'>noli.</span> 
     </span>
    </p>

    <p class='ocr_par' dir='ltr' id='par_1_18' title="bbox 182 3547 994 3735">
     <span class='ocr_line' id='line_1_33' title="bbox 182 3547 994 3633; baseline -0.004 -19"><span class='ocrx_word' id='word_1_212' title='bbox 182 3548 308 3615; x_wconf 89' lang='lat' dir='ltr'>nubilus</span> <span class='ocrx_word' id='word_1_213' title='bbox 329 3550 457 3632; x_wconf 82' lang='lat' dir='ltr'>Aegaeo</span> <span class='ocrx_word' id='word_1_214' title='bbox 480 3547 646 3633; x_wconf 88' lang='lat' dir='ltr'>deprendit</span> <span class='ocrx_word' id='word_1_215' title='bbox 667 3550 698 3613; x_wconf 91' lang='lat' dir='ltr'>iu</span> <span class='ocrx_word' id='word_1_216' title='bbox 724 3568 859 3630; x_wconf 86' lang='lat' dir='ltr'>aequore</span> <span class='ocrx_word' id='word_1_217' title='bbox 881 3566 994 3612; x_wconf 87' lang='lat' dir='ltr'>navem</span> 
     </span>
     <span class='ocr_line' id='line_1_34' title="bbox 182 3650 932 3735; baseline -0.001 -20"><span class='ocrx_word' id='word_1_218' title='bbox 182 3658 288 3717; x_wconf 90' lang='lat' dir='ltr'>auster</span> <span class='ocrx_word' id='word_1_219' title='bbox 310 3657 341 3718; x_wconf 90' lang='lat' dir='ltr'>et</span> <span class='ocrx_word' id='word_1_220' title='bbox 362 3651 485 3734; x_wconf 83' lang='lat' dir='ltr'>ingenti</span> <span class='ocrx_word' id='word_1_221' title='bbox 506 3652 654 3716; x_wconf 88' lang='lat' dir='ltr'>iactatam</span> <span class='ocrx_word' id='word_1_222' title='bbox 677 3650 804 3715; x_wconf 87' lang='lat' dir='ltr'>flamine</span> <span class='ocrx_word' id='word_1_223' title='bbox 827 3651 932 3735; x_wconf 79' lang='lat' dir='ltr'>solvit5</span> 
     </span>
    </p>

    <p class='ocr_par' dir='ltr' id='par_1_19' title="bbox 182 3754 1003 3839">
     <span class='ocr_line' id='line_1_35' title="bbox 182 3754 1003 3839; baseline -0.005 -19"><span class='ocrx_word' id='word_1_224' title='bbox 182 3776 298 3839; x_wconf 89' lang='lat' dir='ltr'>oraque</span> <span class='ocrx_word' id='word_1_225' title='bbox 321 3762 537 3820; x_wconf 89' lang='lat' dir='ltr'>nostratuum</span> <span class='ocrx_word' id='word_1_226' title='bbox 560 3754 675 3819; x_wconf 88' lang='lat' dir='ltr'>frustra</span> <span class='ocrx_word' id='word_1_227' title='bbox 698 3755 867 3819; x_wconf 85' lang='lat' dir='ltr'>clamantia</span> <span class='ocrx_word' id='word_1_228' title='bbox 889 3773 1003 3819; x_wconf 92' lang='lat' dir='ltr'>nomen</span> 
     </span>
    </p>
   </div>
   <div class='ocr_carea' id='block_1_7' title="bbox 0 0 1473 4117">
    <p class='ocr_par' dir='ltr' id='par_1_20' title="bbox 0 0 1473 4117">
     <span class='ocr_line' id='line_1_36' title="bbox 0 0 1473 4117; baseline 0 0"><span class='ocrx_word' id='word_1_229' title='bbox 0 0 1473 4117; x_wconf 95' lang='lat' dir='ltr'> </span> 
     </span>
    </p>
   </div>
  </div>
 </body>
</html>
