2934 4117
489 165 527 216 15.
546 159 732 228 nataeque
750 159 868 216 maleae.

210 351 380 414 quoscum
402 331 556 397 taedifera
578 350 662 396 nunc
683 331 780 396 habet
800 331 853 397 ille
875 330 944 396 dea.

167 453 242 517 erge
263 440 298 499 ut
320 435 451 499 tironem
476 434 635 499 celebrare
657 434 835 516 frequentia
856 439 972 517 posset,
1211 450 1244 500 ee

208 536 279 602 visa
299 536 369 602 dies
391 537 516 602 dandae
538 558 601 602 nen
623 537 728 602 aliena
749 544 850 620 togae.

166 639 242 705 mite
265 648 367 725 caput,
391 647 491 725 pater,
514 640 577 706 buc
598 641 786 726 placataque
809 659 925 705 cernua
947 645 1051 705 vertas

210 748 242 807 et
263 740 321 807 des
342 743 469 828 ingenie
492 744 563 809 vela
584 742 724 808 secunda
746 743 829 808 mee!

236 998 286 1069 15.
309 1004 376 1070 aa
399 1000 546 1069 lu-at.
570 1003 681 1085 metr.
716 1002 952 1086 dathaettss
973 1003 1127 1071 actem.

168 1154 242 1220 Una
262 1153 330 1219 dies
353 1153 458 1219 media
481 1161 538 1236 est,
563 1161 594 1219 et
615 1154 695 1219 fiunt
717 1174 807 1220 saera
828 1154 998 1235 Minervae,

210 1257 339 1322 nemina
361 1276 444 1340 quae
464 1256 578 1322 iunctis
600 1258 738 1340 quinque
761 1257 872 1323 diebus
893 1256 1020 1322 babent.

168 1359 322 1444 sanguine
344 1360 446 1445 prima
467 1367 569 1444 vacat,
593 1380 652 1425 nec
674 1359 723 1425 fas
746 1379 929 1426 concurrere
951 1359 1041 1425 ferre.

211 1481 316 1544 causa,
339 1461 423 1545 qued
446 1469 494 1528 est
514 1463 568 1527 illa
590 1468 666 1527 nata
687 1462 831 1528 Minerva
852 1462 912 1527 die.

167 1564 267 1629 altera
288 1570 415 1647 tresque
437 1585 531 1650 super
551 1585 624 1635 rasa
646 1566 843 1632 celebrantur
865 1566 996 1631 harena:
1231 1584 1247 1632 e

213 1668 342 1733 ensibus
364 1669 497 1735 exsertis
519 1669 632 1734 bellica
654 1669 738 1734 laeta
759 1667 821 1734 dea
842 1673 898 1733 est.

169 1768 300 1835 Pallada
320 1791 406 1836 nunc
426 1771 515 1855 pueri
537 1777 726 1855 teneraeque
748 1778 835 1837 erate
856 1771 992 1854 puellae:

213 1873 266 1957 qui
287 1874 370 1938 bene
391 1875 523 1957 placarit
544 1874 683 1956 Pallada,
705 1873 817 1939 deutrus
839 1873 906 1937 erit.

154 1975 298 2063 ¹Pallade
319 1977 444 2061 placata
464 1978 569 2042 lanam
592 1978 711 2042 mollire
733 1977 857 2061 puellae

213 2078 337 2146 discant
360 2086 390 2145 et
412 2081 523 2164 plenas
545 2100 718 2146 exonerare
741 2079 833 2145 celes

169 2182 223 2247 illa
245 2181 340 2248 etiam
362 2184 475 2249 stantis
495 2183 583 2248 radie
605 2202 786 2267 percurrere
807 2183 886 2248 telas

213 2285 316 2350 erudit
337 2292 368 2350 et
389 2306 493 2350 rarum
516 2286 642 2370 pectine
663 2284 776 2351 denset
798 2305 885 2369 epus.

169 2387 252 2452 banc
274 2388 349 2469 cele,
373 2389 427 2471 qui
448 2389 587 2454 maerdas
609 2388 703 2453 laesis
724 2387 765 2453 de
787 2388 928 2453 vestibus
949 2386 1063 2467 aufers,

212 2490 296 2555 banc
318 2491 394 2572 cele,
417 2492 585 2556 velleribus
607 2491 747 2573 quisquis
769 2498 851 2555 aena
872 2509 973 2573 paras.

169 2612 230 2658 nec
251 2593 416 2675 quisquam
438 2593 539 2658 invita
560 2593 655 2658 faciet
677 2594 759 2658 bene
780 2592 907 2658 vincula
929 2593 1057 2675 plantae
1215 2612 1247 2662 15

212 2695 351 2777 Pallade,
374 2696 415 2760 sit
436 2695 557 2779 Tychio
580 2695 698 2762 dectior
718 2696 772 2761 ille
793 2696 875 2760 licet.

170 2809 203 2861 et
223 2797 296 2864 licet
317 2797 447 2880 antique
469 2798 614 2864 manibus
637 2798 766 2864 cellatus
788 2798 875 2881 Epeo

213 2900 254 2964 sit
274 2899 368 2984 prier,
390 2900 471 2965 irata
492 2900 622 2965 Pallade
644 2921 775 2966 maneus
797 2901 864 2964 erit.

170 3021 227 3067 ves
249 3022 381 3084 queque,
404 3002 552 3068 Pbeebea
574 3003 698 3068 merbes
721 3003 774 3086 qui
796 3003 911 3087 pellitis
932 3010 1008 3084 arte,

213 3124 343 3169 munera
366 3105 405 3170 de
427 3106 540 3171 vestris
562 3126 663 3189 pauca
685 3106 798 3171 referte
820 3104 908 3171 deae.

170 3225 317 3289 nectes,
341 3209 433 3274 turba
454 3208 543 3273 brevi
565 3228 661 3275 censu
683 3208 838 3290 fraudata,
862 3208 1014 3291 magistri,

214 3310 351 3394 spernite
374 3349 416 3357 -
438 3309 608 3395 discipules
628 3310 759 3376 attrahit
779 3311 834 3375 illa
855 3331 955 3376 neves
977 3347 1021 3359 μ

171 3410 286 3494 quique
308 3432 416 3477 mevcs
438 3414 559 3478 caelum
581 3415 783 3495 tabulamque
806 3413 961 3481 celeribus
982 3412 1059 3494 uris,

214 3513 329 3596 quique
350 3513 430 3580 facis
452 3516 543 3581 decta
565 3518 669 3581 rnellia
691 3537 771 3582 saxa
792 3538 897 3581 manu.

171 3615 256 3680 mille
278 3615 339 3682 dea
361 3623 409 3682 est
431 3638 568 3701 eperum.
604 3627 687 3684 certe
710 3619 770 3684 dea
792 3618 940 3684 carminis
962 3617 1020 3683 illa
1043 3622 1096 3681 est
1222 3633 1254 3681 ee
1287 3687 1289 3691 ,

214 3717 241 3782 si
263 3738 393 3802 merser,
417 3720 529 3786 studiis
552 3721 635 3788 adsit
656 3722 759 3787 amica
781 3722 874 3788 meisi
