2934 4117
456 171 718 228 eruendorum
737 169 851 240 palutio.
913 193 915 196 >

141 345 254 411 talibus
275 343 401 409 adfatur
422 343 593 424 divumque
615 343 838 425 bominumque
860 347 1037 427 parentem:
1087 378 1089 383 .

141 451 272 532 ‘tempus
295 446 395 528 adest,
416 446 556 531 genitor,
573 445 720 528 quoniam
743 443 927 510 fundamine
948 464 1063 527 magno
1111 438 1113 443 ’

140 570 191 615 res
211 552 355 615 Romana
375 549 460 614 valet
481 568 541 614 nee
561 547 705 632 praeside
726 547 845 632 pendet
866 548 906 612 ab
929 567 1000 628 uno,
1199 566 1214 612 s

140 652 288 737 praemia,
313 671 394 734 quae
415 651 569 736 promissa
589 650 666 715 mibi
688 650 848 733 dignoque
871 649 987 734 nepoti,

141 755 261 819 solvere
283 760 315 818 et
336 754 477 819 ablatum
497 753 588 818 terris
608 753 769 836 imponere
792 754 887 817 eaelo.

141 863 174 922 tu
195 856 273 920 mibi
296 855 427 920 coneilio
450 854 610 938 quondam
631 862 798 940 praesente
820 854 949 920 deorum
974 893 1011 902 -

141 980 214 1024 narn
237 978 373 1024 memoro
396 958 588 1039 memorique
610 957 715 1022 animo
737 958 791 1042 pia
813 958 911 1022 verba
932 956 1038 1021 notavi
1063 993 1103 1002 --

141 1054 243 1127 “unns
266 1061 332 1142 erit,
356 1080 449 1143 quem
472 1066 506 1124 tu
527 1061 617 1125 tofles
638 1060 671 1124 in
694 1060 820 1125 caerula
841 1056 941 1124 eaeli”
1052 1092 1055 1097 ·

141 1163 258 1229 dixisti.
296 1170 366 1228 rata
387 1163 428 1228 sit
449 1162 616 1227 verborum
638 1182 761 1227 summa
783 1157 927 1227 tuorum.³

141 1267 252 1331 adnuit
273 1265 470 1349 omnipotens
493 1271 525 1331 et
546 1264 684 1330 nubibus
705 1272 780 1329 aera
801 1265 905 1330 caeeis

142 1369 275 1434 oonuluit
296 1369 475 1449 tonitruque
498 1373 529 1432 et
550 1366 675 1450 fulgure
697 1368 807 1435 terruit
829 1368 946 1433 orbem.

143 1491 223 1553 qnae
245 1470 306 1535 sibi
327 1470 500 1554 promissae
522 1470 622 1534 sensit
643 1476 712 1534 rata
734 1470 827 1554 signa
849 1471 979 1555 rapinae

142 1574 333 1655 innixusque
354 1573 464 1637 hastae
485 1591 610 1657 pressos
632 1578 757 1637 temone
779 1578 907 1638 eruento
952 1562 975 1600 ·’

142 1675 318 1759 impavidos
340 1673 523 1740 eonseendit
544 1694 641 1757 equos
663 1673 820 1740 Gradivus
842 1682 881 1739 et·
896 1675 975 1739 intus
1031 1697 1032 1700 ¹
1156 1690 1157 1693 ’

142 1779 282 1843 verberis
302 1777 475 1862 increpuit,
498 1796 677 1861 pronusque
699 1798 756 1862 per
777 1785 851 1842 alirn
873 1778 979 1862 lapsus

143 1881 282 1946 constitit
302 1881 336 1945 in
358 1900 479 1945 summo
501 1881 657 1945 nemorosi
680 1880 758 1946 eollo
779 1881 881 1946 Palati

142 1983 388 2066 reddentemque
410 2003 466 2048 suo
488 1989 554 2047 tum
575 1983 665 2067 regia
685 1984 754 2048 iura
776 1982 890 2059 Quiriti

143 2086 273 2151 abstulit
294 2084 425 2149 Iliaden.
465 2105 576 2169 eorpus
598 2087 727 2151 mortale
750 2106 807 2170 per
828 2106 922 2151 auras

143 2188 299 2272 dilapsum
321 2193 445 2274 tenues,
469 2188 515 2252 sio
535 2189 600 2252 lata
621 2189 770 2272 plumbea
791 2188 890 2253 funda

143 2292 240 2356 masa
261 2290 340 2355 solet
361 2289 464 2355 medio
486 2290 578 2374 glans
599 2290 795 2356 intabeseere
816 2291 912 2357 eaelo.

143 2392 274 2478 pulchra
296 2392 380 2457 subit
402 2392 500 2456 faeies
523 2402 554 2457 et
576 2393 793 2476 pulvinaribus
816 2394 888 2459 altis

144 2488 278 2578 dignior,
302 2501 350 2559 est
373 2495 474 2576 qualis
496 2495 630 2560 trabeati
653 2495 754 2561 forma
776 2496 905 2572 Quirini.

187 2598 300 2663 Flebat
321 2603 357 2662 ut
377 2597 528 2663 amissum
551 2598 698 2680 coniunx,
722 2619 793 2664 eum
815 2601 903 2684 regia
924 2602 1003 2665 Iuno

144 2701 209 2766 Irin
231 2699 274 2764 ad
294 2699 462 2764 Hersiliam
484 2699 675 2765 descendere
696 2701 796 2766 limite
819 2722 912 2767 ourvo

143 2804 279 2887 imperat
302 2808 332 2866 et
355 2821 474 2866 vacuae
496 2821 553 2866 sua
575 2803 621 2867 sie
643 2803 794 2868 mandata
816 2804 945 2870 referre:

143 2899 174 2970 ‘o
197 2910 229 2969 et
250 2903 291 2969 de
312 2904 413 2985 Latia,
436 2924 455 2969 o
478 2911 509 2969 et
531 2904 572 2969 de
592 2912 688 2989 gente
710 2907 829 2972 Sabina

143 3007 357 3092 praecipuum,
380 3013 532 3088 matrona,
555 3006 661 3089 decus,
684 3007 870 3092 dignissima
892 3010 971 3075 tanti

143 3115 219 3174 ante
241 3108 338 3173 fuisse
360 3108 430 3190 viri,
453 3109 592 3174 coniunx
614 3130 698 3175 nuno
720 3131 790 3177 esse
813 3111 945 3194 Quirini,

144 3212 222 3277 siste
244 3218 314 3275 tuos
335 3209 428 3275 fletus
450 3216 491 3292 et,
513 3211 540 3276 si
564 3213 718 3286 tibieura
740 3213 869 3279 videndi

144 3313 288 3397 coniugis
310 3318 367 3395 est,
389 3300 471 3378 ⁴‹luee
492 3334 543 3378 me
565 3315 669 3379 lucum
691 3322 773 3399 pete,
798 3317 875 3386 eolle
897 3315 1021 3392 unioni

145 3417 200 3499 qni
223 3416 304 3481 viret
326 3422 357 3480 et
379 3417 530 3501 templum
552 3418 687 3482 Romani
708 3419 793 3502 regis
816 3416 1000 3485 obumbrat.³

145 3525 237 3604 paret
259 3525 291 3583 et
312 3519 346 3583 in
368 3526 483 3603 terram
505 3521 606 3604 pietus
629 3520 759 3605 delapsa
780 3542 836 3606 per
858 3542 948 3587 arens

146 3621 315 3686 Hersiliam
336 3622 430 3688 iussis
453 3625 619 3707 compellat
640 3625 771 3690 vocibus
793 3627 860 3697 Iris.

145 3724 201 3790 ulla
223 3723 400 3789 verecundo
422 3725 478 3790 vix
500 3726 612 3813 tollens
633 3728 754 3809 lumina
775 3729 863 3793 vultu

991 3832 1022 3880 7*
