2934 4117
268 149 288 211 2
666 165 898 232 bletunmpbolrn.

268 346 300 403 et
322 357 403 421 quae
424 336 607 402 deciderant
630 338 738 421 patula
760 336 845 402 Iovis
867 337 977 402 arbore
999 338 1141 421 glandes.

268 462 323 506 ver
345 447 412 506 erat
433 447 606 521 aeternum,
629 440 808 525 placidique
831 440 1010 524 tepentibus
1032 442 1117 506 auris

268 545 448 609 mulcebant
471 542 602 627 zephyri
624 550 715 608 natos
738 544 807 608 sine
830 543 949 607 semine
971 543 1072 608 flores.

268 668 342 712 mox
365 648 460 712 etiam
482 647 590 730 fruges
612 648 705 712 tellus
726 648 850 711 inarata
872 647 1004 728 ferebat,

268 772 328 815 nec
349 757 519 816 renovatus
541 771 619 833 ager
639 750 780 835 gravidis
803 751 937 815 canebat
959 750 1077 835 aristis;

268 853 397 918 flumina
419 854 482 918 iam
504 853 604 934 lactis,
627 854 691 918 iam
714 853 844 918 flumina
866 855 1001 918 nectaris
1023 854 1121 935 ibant,

268 955 414 1039 flavaque
435 955 476 1021 de
498 955 591 1021 viridi
614 957 775 1021 stillabant
797 956 868 1021 ilice
890 956 991 1020 mella.

311 1060 481 1140 Postquam
504 1061 638 1125 Saturno
661 1061 828 1124 tenebrosa
849 1060 882 1123 in
904 1055 1036 1123 Tartara
1058 1060 1153 1125 misso

269 1164 326 1228 sub
349 1162 426 1227 Iove
447 1161 583 1227 mundus
606 1169 682 1243 erat,
705 1163 801 1226 subiit
822 1168 974 1245 argentea
996 1163 1108 1246 proles,

268 1285 344 1330 auro
367 1264 510 1347 deterior,
534 1265 619 1330 fulvo
641 1266 805 1349 pretiosior
827 1284 909 1330 aere.

269 1368 410 1452 Iuppiter
432 1368 552 1451 antiqui
576 1369 733 1433 contraxit
755 1375 896 1452 tempora
917 1369 1000 1433 veris

269 1491 387 1555 perque
410 1471 529 1536 hiemes
551 1478 720 1554 aestusque
744 1478 776 1536 et
798 1471 979 1553 inaequales
1001 1480 1169 1537 autumnos

270 1581 301 1638 et
322 1575 420 1639 breve
441 1594 499 1640 uer
521 1575 630 1659 spatiis
653 1576 762 1659 exegit
784 1581 929 1657 quattuor
952 1595 1078 1639 annum.

270 1683 336 1741 tum
358 1677 493 1761 primum
516 1677 607 1743 siccis
629 1685 684 1742 ae'r
706 1678 881 1743 fervoribus
903 1684 991 1743 ustus

270 1779 398 1844 canduit
421 1785 452 1844 et
473 1781 576 1845 ventis
598 1780 716 1864 glacies
738 1779 889 1845 adstricta
910 1780 1070 1864 pependit.

269 1889 335 1946 tum
357 1883 492 1968 primum
515 1883 638 1949 subiere
660 1882 780 1948 domus,
804 1882 915 1948 domus
936 1891 1028 1948 antra
1050 1883 1177 1948 fuerunt

270 1992 302 2051 ct
324 1985 414 2052 densi
437 1986 565 2052 frutices
588 1994 620 2051 et
641 1987 767 2052 vinctae
790 1988 904 2053 cortice
926 1987 1044 2070 virgae.

270 2089 480 2154 seminatum
502 2092 637 2174 primum
658 2091 762 2175 longis
785 2090 928 2157 Cerealia
950 2090 1044 2155 sulcis

270 2193 381 2257 obruta
403 2199 475 2257 sunt
490 2193 652 2277 pressique
673 2193 749 2277 iugo
770 2212 919 2276 gemuere
940 2193 1075 2257 iuvenci.

312 2296 419 2359 Tertia
441 2296 618 2380 postillam
641 2297 791 2361 successit
813 2302 913 2361 ac’nea
934 2297 1047 2380 proles,

271 2398 393 2463 saevior
414 2398 550 2482 ingeniis
573 2405 604 2462 et
625 2397 667 2462 ad
690 2398 816 2463 horrida
837 2398 1008 2482 promptior
1028 2419 1124 2479 arma,

271 2520 334 2566 non
356 2502 508 2565 scelerata
530 2509 646 2566 tamen.
677 2500 718 2565 de
741 2499 818 2565 duro
833 2507 882 2565 est
903 2501 1013 2565 ultima
1034 2501 1125 2565 ferro.

271 2604 412 2688 protinus
434 2604 545 2688 irrupit
567 2624 668 2668 venae
690 2603 806 2687 peioris
828 2604 861 2667 in
884 2624 997 2667 aevum

271 2728 364 2772 omne
386 2708 489 2773 nefas:
513 2708 623 2792 fugere
645 2706 747 2792 pudor
767 2726 938 2789 verumque
960 2706 1110 2789 fidesque.

271 2812 304 2875 in
328 2831 459 2893 quorum
481 2811 605 2876 subiere
627 2812 729 2875 locum
752 2809 941 2892 fraudesque
964 2809 1090 2891 dolique

271 2913 467 2996 insidiaeque
490 2920 522 2979 ct
543 2914 593 2980 vis
615 2921 646 2978 et
668 2934 757 2978 amor
779 2914 949 2979 sceleratus
970 2913 1118 2977 habendi.

273 3016 343 3082 vela
365 3017 485 3082 dabant
506 3017 619 3097 ventis,
642 3036 702 3081 nec
723 3015 829 3081 adhuc
850 3017 932 3081 bene
954 3022 1084 3081 noverat
1107 3016 1174 3080 illos

272 3119 393 3204 navita3
418 3139 560 3202 quaeque
583 3119 637 3184 diu
660 3125 813 3184 steterant
833 3119 867 3184 in
889 3119 1048 3185 montibus
1070 3119 1151 3201 altis,

272 3222 419 3288 fluetibus
441 3224 558 3307 ignotis
579 3223 771 3288 insultavere
794 3223 926 3286 carinae.

274 3345 532 3409 communemque
554 3328 640 3411 prius
664 3345 721 3391 ceu
743 3326 863 3390 lumina
885 3326 959 3390 solis
982 3330 1013 3387 et
1035 3344 1127 3389 auras

274 3435 384 3494 cautus
406 3429 535 3494 humum
558 3431 651 3513 longo
675 3429 814 3513 signavit
835 3428 934 3492 limite
957 3447 1090 3492 mensor.

273 3551 333 3596 nec
355 3538 476 3596 tantum
499 3539 623 3617 segetes
645 3532 857 3614 alimentaque
879 3529 987 3596 debita
1008 3529 1099 3594 dives

274 3634 460 3718 poscebatur
482 3634 605 3716 humus,
629 3635 686 3700 sed
708 3635 786 3699 itum
810 3641 857 3699 cst
878 3634 911 3697 in
934 3632 1056 3698 viscera
1078 3640 1188 3713 terrae,

275 3757 415 3821 quasque
438 3738 654 3805 recondiderat
677 3738 860 3824 Stygiisque
882 3737 1067 3802 admoverat
1089 3736 1217 3815 umbris,
