2934 4117
387 153 428 205 es.
447 148 502 204 ne
519 147 603 204 creec
623 161 667 202 um
685 147 722 202 ue
741 147 839 216 scripu
858 147 902 202 tes
920 147 1033 216 aaron.
1183 130 1223 195 83

199 328 303 388 mente
326 322 409 387 dolet
432 322 532 406 patria
554 340 746 404 saevumque
768 339 899 406 perosus
920 319 1074 387 Achillem

199 432 325 491 exercet
347 444 501 491 memores
522 424 594 510 plus
616 444 711 506 quam
733 423 867 489 civiliter
887 423 958 490 iras.

198 529 323 611 iamque
345 527 411 595 iere
434 533 532 593 tracto
555 527 617 593 duo
638 547 695 612 per
718 526 932 610 quinquennia
954 526 1036 592 bello

198 631 313 697 talibus
335 631 494 696 intonsum
517 630 683 715 compellat
705 630 868 696 Sminthea
890 629 997 719 diotisq

198 727 227 798 ‘o
249 734 327 798 mihi
349 733 389 799 de
411 733 516 799 fratris
538 734 631 816 longe
653 733 831 817 gratissime
853 733 945 813 natis,

198 837 285 900 irrita
307 836 359 919 qui
382 855 505 901 meeum
526 836 658 921 posuisti
680 834 805 900 moenie
826 834 948 916 Troiae,

199 939 320 1022 ecquid,
343 939 397 1004 ubi
419 938 478 1005 has
500 939 562 1003 iarn
585 939 648 1003 iam
671 958 799 1019 casuros
820 938 957 1022 adspicis
979 958 1077 1020 arces,

198 1042 354 1126 ingemis?
376 1049 432 1108 aut
453 1042 566 1124 ecquid
589 1046 634 1106 tot
655 1039 859 1107 defendentia
880 1060 984 1107 muros

198 1144 284 1209 milia
307 1166 399 1211 caesa
421 1144 531 1210 doles?
555 1143 677 1228 ecquid,
700 1163 742 1210 ne
763 1163 934 1228 persequar
955 1164 1073 1226 ornnes

198 1248 342 1314 Hectoris
364 1249 476 1314 umbra
498 1248 582 1313 subit
605 1248 720 1312 circum
743 1266 801 1312 sua
822 1248 976 1332 Pergama
997 1249 1110 1315 tracti?

199 1370 268 1414 cum
292 1356 398 1415 tannen
420 1350 473 1414 ille
495 1349 585 1415 ferox
606 1350 751 1431 belloque
774 1350 930 1415 cruentior
951 1351 1020 1435 ipso

199 1452 277 1517 vivit
299 1452 411 1533 adhuc,
434 1453 537 1537 operis
558 1452 657 1517 nostri
679 1453 854 1537 populator,
877 1453 1023 1518 Achilles.

199 1554 252 1618 det
275 1555 351 1619 mihi
373 1557 421 1620 se!
444 1555 529 1636 sexo,
554 1555 668 1639 triplici
691 1554 767 1637 quid
789 1554 919 1640 cuspide
941 1556 1067 1639 possim,

199 1658 322 1722 sentiat.
346 1664 379 1722 at
401 1658 548 1741 quoniam
571 1677 754 1722 concurrere
777 1658 949 1723 comminus
973 1659 1053 1723 hosti

198 1780 261 1824 nou
284 1759 384 1840 datur,
408 1761 529 1825 occulta
550 1760 741 1844 necopinum
763 1760 860 1845 perde
882 1757 1026 1845 sagittul‘

240 1862 360 1927 Adnuit
381 1869 476 1946 atque
498 1863 603 1927 animo
625 1864 742 1947 pariter
761 1848 929 1947 'patruique
951 1884 1069 1947 suoque

198 1965 306 2030 Delius
328 1964 495 2048 indulgens
518 1966 633 2030 nebula
655 1964 778 2031 relatus
800 1965 832 2030 in
854 1985 969 2049 agmen

199 2068 342 2151 pervenit
363 2068 493 2132 Iliacum
517 2068 682 2151 mediaque
704 2068 737 2132 in
761 2068 857 2134 caede
879 2069 1015 2134 virorum

198 2191 268 2234 rara
289 2191 345 2255 per
367 2171 489 2254 ignotos
512 2177 711 2255 spargentem
734 2178 840 2237 cernet
862 2172 999 2238 Achivos

200 2274 261 2338 telo
283 2273 387 2338 Parin.
411 2272 576 2354 fassusque
599 2273 692 2338 deum
713 2266 801 2356 ‘quid
823 2275 943 2358 spicula
965 2275 1071 2359 perdis

200 2376 353 2459 sanguine
375 2372 509 2460 plebisr‘
532 2376 589 2459 ait,
613 2369 714 2458 ‘siqua
736 2383 784 2442 est
806 2377 862 2441 tibi
886 2397 960 2442 cura
981 2385 1113 2457 tuorum,

199 2485 319 2543 vertere
341 2478 374 2542 in
396 2477 556 2542 Aeaciden
579 2498 749 2561 caesosque
771 2479 920 2546 ulciscere
942 2476 1080 2547 fratresl‘
1196 2550 1200 2560 ,Α
1252 2543 1254 2547 ,

199 2580 281 2645 dixit
304 2587 335 2645 et
357 2580 527 2646 ostendens
549 2587 741 2647 sternentem
763 2583 880 2648 Troica
901 2582 984 2649 ferro

200 2704 328 2768 corpora
349 2682 479 2748 Peliden
501 2703 591 2749 arcus
614 2685 749 2750 obvertit
770 2684 804 2750 in
826 2685 913 2750 illum

200 2793 346 2869 certaque
368 2785 492 2851 letifera
513 2785 629 2851 direxit
651 2788 772 2871 spicula
794 2787 915 2853 dextra.

200 2887 282 2970 quod
304 2888 446 2953 Priamus
468 2888 607 2972 gaudere
629 2909 728 2955 senex
751 2897 822 2974 post
843 2892 980 2957 Hectora
1001 2899 1116 2978 posset,

199 2990 258 3056 hoc
279 2990 347 3056 fuit.
371 2991 424 3056 ille
445 2991 540 3075 igitur
561 2998 719 3058 tantorum
741 2994 848 3076 vietor,
872 2995 1003 3077 Achille,

199 3094 301 3160 victus
323 3114 357 3160 es
379 3114 399 3159 a
420 3094 530 3160 timido
553 3095 667 3162 Graiae
688 3102 812 3182 raptore
835 3098 977 3169 maritae!

198 3204 231 3261 at
254 3197 280 3262 si
302 3196 438 3262 femineo
461 3196 563 3263 fuerat
585 3199 641 3264 tibi
664 3200 763 3285 Marte
786 3200 971 3284 cadendum,

198 3299 481 3365 Thermodontiaca
502 3302 611 3366 malles
634 3303 785 3369 cecidisse
807 3304 945 3390 bipenni.

302 3476 355 3548 28.
378 3482 445 3549 ber
465 3481 573 3552 sterit
596 3500 651 3550 aaa
674 3485 723 3552 bie
746 3485 873 3569 mopso
895 3490 951 3555 bes
973 3487 1119 3570 Acriter.

242 3607 310 3671 lam
333 3604 423 3673 timor
446 3608 496 3673 ille
518 3608 689 3694 Phrygum,
713 3609 809 3677 decus
832 3619 863 3678 et
885 3614 982 3678 tutela
1003 3615 1125 3697 Pelasgi

201 3709 345 3795 nominis,
368 3710 533 3795 Aeacides,
556 3720 650 3800 caput
672 3714 883 3799 insuperabile
905 3716 996 3797 bello,

1039 3819 1070 3874 6*
