2934 4117
254 127 315 192 154
587 144 699 213 dtrgteu:
718 143 768 196 ΙΙΙ.
788 143 948 212 ftlcpettrtrr.

251 315 327 399 qnid
348 316 508 383 facerem?
531 315 647 382 blando
669 316 792 401 patriae
814 315 972 381 retinebar
994 336 1113 382 amore:

293 420 404 484 ultima
425 420 482 486 sed
503 420 608 484 iussae
630 439 695 484 nox
718 425 785 484 erat
807 417 861 484 illa
882 418 986 504 fugae.
1295 440 1329 487 so

251 526 283 587 a!
308 524 451 606 quotiens
472 523 577 606 aliquo
600 522 668 587 dixi
690 528 892 608 properante:
918 521 1002 605 ‘quid
1025 522 1141 607 urges?

294 627 346 692 vel
368 646 429 709 quo
451 626 582 692 festines
603 626 659 707 ire,
682 627 734 691 vel
757 625 850 708 unde,
873 623 972 691 ridel'

251 730 283 793 a!
308 729 451 811 quotiens
474 736 592 796 certem
615 749 759 795 mesum
781 730 931 794 mentitus
952 728 1071 794 habere

294 831 412 914 horam,
435 831 613 918 propositae
637 852 716 916 quae
739 833 822 898 foret
841 837 917 917 apta
940 834 1019 898 viae.

251 922 299 1000 ter
321 937 415 1002 limen
438 936 538 1022 tetigi,
561 943 700 1002 tersum
723 942 898 1018 revocatus,
922 942 953 1001 et
974 936 1043 1020 ipse

295 1038 463 1123 indulgens
484 1040 590 1105 animo
612 1060 669 1125 pes
691 1038 769 1104 mihi
792 1038 901 1105 tardus
923 1045 999 1105 erat.

252 1161 348 1227 saepe
370 1145 459 1210 ‘vale'
483 1143 567 1210 dicto
588 1162 695 1209 rursus
717 1163 787 1209 sum
809 1144 908 1211 multa
929 1142 1059 1225 loeutus,

296 1252 327 1311 et
350 1247 439 1329 qnasi
461 1246 628 1313 discedens
650 1249 758 1314 oscula
779 1266 901 1313 summa
923 1245 1006 1310 dedi.

253 1369 349 1434 saepe
371 1349 483 1417 eadem
504 1351 656 1417 mandata
679 1351 753 1417 dedi
775 1369 889 1433 meque
910 1349 978 1435 ipse
1000 1349 1097 1415 fefelli

295 1454 467 1538 respiciens
489 1454 587 1521 oculis
608 1455 741 1540 pignora
764 1473 837 1521 carc
858 1452 946 1519 meis.
1296 1473 1331 1521 eo

253 1553 390 1639 denique
402 1557 488 1640 ‘quid
499 1557 654 1643 propero?
669 1556 802 1641 Scythia
813 1562 870 1639 est,
887 1577 948 1640 quo
959 1557 1130 1638 mittimur‚'
1142 1556 1282 1638 inquam,

297 1660 407 1724 ‘Roma
428 1658 635 1743 relinquenda
657 1665 713 1726 est.
737 1666 870 1743 utraque
892 1660 976 1726 iusta
998 1680 1085 1725 mora
1106 1664 1163 1724 est.

253 1783 333 1829 uxor
354 1763 388 1827 in
409 1769 572 1829 aeternum
596 1764 667 1829 vivo
690 1763 767 1829 mihi
789 1763 865 1830 riva
886 1769 1029 1848 negatur,

298 1872 329 1930 et
351 1865 463 1932 domus
486 1873 517 1932 et
538 1866 621 1931 fidae
644 1866 748 1933 dulcia
770 1868 912 1933 membra
934 1865 1054 1948 domus,

255 1988 394 2053 quosque
417 1990 475 2054 ego
498 1969 595 2035 dilexi
616 1970 755 2036 fraterno
776 1989 863 2036 more
884 1969 1018 2052 sodales,

297 2094 316 2140 o
338 2072 415 2137 mihi
437 2073 561 2140 Thesea
581 2082 710 2158 pectora
731 2074 840 2139 iuncta
861 2073 940 2139 fide!

255 2177 329 2243 dum
352 2177 433 2258 licet,
456 2177 643 2262 amplectar:
667 2197 829 2260 nunquam
851 2176 985 2242 fortasse
1008 2175 1116 2243 licebit

298 2280 446 2366 amplius;
469 2281 503 2346 in
524 2282 610 2347 lucro
632 2288 690 2362 est,
714 2301 795 2364 quae
818 2281 910 2347 datur
932 2280 1009 2346 hora
1030 2280 1128 2345 mihi?

256 2404 314 2449 nec
336 2404 432 2465 mora,
455 2384 607 2450 sermonis
630 2386 728 2450 verba
750 2383 934 2470 imperfecta
956 2383 1097 2466 relinquo

300 2488 511 2573 complectens
532 2487 638 2554 animo
660 2488 806 2573 proxima
828 2507 970 2570 quaeque
992 2505 1072 2552 meo.
1302 2508 1337 2557 ro

255 2590 330 2657 dum
352 2592 461 2674 loquor
484 2597 515 2657 et
536 2590 657 2673 flemus,
681 2592 768 2657 caelo
791 2590 997 2656 nitidissimus
1018 2590 1093 2672 alto,

299 2695 390 2761 stella
410 2694 518 2779 gravis
540 2695 641 2776 nobis,
665 2694 792 2761 Lucifer
814 2700 899 2759 ortus
922 2700 997 2760 erat.

256 2798 379 2865 dividor
401 2799 486 2864 haud
506 2799 606 2881 aliter,
631 2819 724 2881 quam
747 2798 774 2864 si
796 2817 868 2862 mea
889 2797 1033 2862 membra
1054 2784 1237 2881 relinquam,

299 2907 331 2968 ct
352 2922 426 2986 pars
447 2900 593 2987 abrumpi
615 2921 743 2987 corpore
764 2901 834 2967 risa
855 2920 911 2967 suo
934 2906 990 2966 est.

256 3008 302 3074 sic
324 3004 423 3070 doluit
444 3005 559 3071 Mettus
581 3010 664 3086 tunc,
689 3024 760 3070 cnm
782 3004 815 3069 in
838 3003 993 3069 contraria
1015 3024 1123 3070 versos
1303 3026 1338 3075 rs

299 3108 414 3174 ultores
435 3107 547 3173 habuit
569 3107 754 3193 proditionis
777 3127 883 3190 equos.

257 3219 324 3278 turn
346 3232 421 3278 vero
444 3212 583 3289 exoritur
605 3212 722 3277 clamor
744 3211 943 3294 gemitusque
965 3230 1115 3294 meorum,

301 3321 332 3383 et
353 3315 472 3382 feriunt
491 3321 631 3382 maestae
652 3320 780 3400 pectora
801 3313 889 3379 nuda
910 3333 1030 3380 manus.

257 3424 324 3484 tum
346 3439 421 3484 vero
444 3419 581 3484 coniunx
603 3418 719 3485 umeris
742 3418 889 3483 abeuntis
911 3417 1080 3483 inhaerens

301 3522 425 3587 miscuit
446 3521 525 3587 haee
547 3522 684 3588 lacrimis
706 3521 810 3589 tristia
831 3522 929 3588 verba
951 3521 1044 3586 meis:
1305 3543 1341 3592 so

260 3627 332 3688 ‘non
354 3628 444 3708 potes
465 3624 574 3689 avelli:
597 3623 699 3707 simul,
721 3627 754 3690 a!
779 3624 872 3690 simul
894 3623 1019 3690 ibimus'
1041 3622 1161 3707 inquil:

301 3718 344 3791 ‘te
366 3744 480 3807 sequar
502 3734 533 3790 et
555 3727 692 3791 coniunx
716 3728 833 3793 exsulis
856 3729 946 3793 exsul
970 3747 1031 3794 ero.
