2934 4117
595 158 619 210 3.
639 155 823 212 dormeutotto.

196 334 292 410 utque
314 347 373 411 ego
395 327 554 413 perpetuis
576 327 648 392 olim
671 329 819 394 sacrabor
840 329 872 393 in
895 330 968 411 aris,

238 430 284 495 sic
305 431 449 514 Augusta
470 451 586 496 norum
609 430 690 494 Iulia
710 450 829 496 numen
852 429 932 496 crit.³

195 533 311 598 talibus
332 539 368 597 ut
389 530 482 598 dictis
504 539 625 599 nostros
647 532 811 599 descendit
833 534 867 599 in
889 555 998 619 annos,

239 635 378 701 substitit
400 636 434 701 in
455 635 560 701 medio
581 635 725 720 praescia
747 637 856 720 lingua
878 657 963 703 sono.

195 739 354 822 puppibus
377 758 522 823 egressus
543 738 636 803 Latia
657 739 745 804 stetit
766 741 856 805 exsul
878 741 911 805 in
933 740 1045 808 herba:

238 841 326 922 felix,
349 841 495 906 exsilium
518 842 568 906 cui
590 842 676 906 locus
697 842 750 906 ille
772 840 844 907 fuit!

195 963 254 1008 nec
275 963 363 1009 mora
383 943 479 1028 longa
500 943 567 1008 fuit.
592 946 720 1010 stabant
756 965 839 1010 nora
861 951 945 1011 tecta
967 966 1069 1029 neque
1092 946 1171 1012 alter

238 1046 396 1111 montibus
417 1046 565 1111 Ausoniis
586 1045 710 1111 Arcade
732 1047 831 1112 maior
852 1054 928 1112 erat.

195 1169 269 1213 occe
289 1149 388 1214 boves
409 1148 484 1213 illuc
505 1147 700 1231 Erythetdas
722 1150 862 1233 applicat
883 1150 975 1217 heros

136 1303 138 1306 ,
238 1270 384 1316 emensus
405 1250 491 1335 longi
514 1251 653 1335 claviger
673 1252 758 1317 orbis
778 1253 847 1317 iter.

195 1346 332 1435 dumque
353 1352 427 1417 huic
448 1351 617 1437 hospitium
640 1353 750 1418 domus
773 1361 821 1419 est
842 1357 998 1439 Tegeaea,
1021 1363 1178 1440 vagantur

122 1521 124 1523 ,
237 1455 445 1522 incustoditae
466 1457 550 1522 laeta
572 1476 628 1541 per
649 1477 727 1520 arva
748 1458 854 1523 boves.

195 1579 289 1622 mane
311 1564 391 1623 crat:
415 1578 566 1624 excussus
588 1579 697 1625 somno
718 1560 903 1644 Tirynthius
926 1560 1018 1627 heros

238 1660 278 1725 de
300 1680 430 1725 numero
452 1667 558 1726 tauros
580 1661 676 1727 sentit
698 1662 811 1728 abesse
833 1662 920 1728 duos.

195 1765 281 1829 nulla
303 1762 390 1828 videt
412 1783 566 1846 quaerens
588 1765 676 1830 taciti
697 1766 833 1850 vestigia
855 1766 939 1831 furti.

237 1873 377 1931 traxerat
398 1886 525 1933 aversos
549 1867 649 1933 Cacus
670 1867 705 1932 in
727 1874 819 1933 antra
840 1868 932 1951 feros,

196 1972 307 2050 Cacus,
329 1970 506 2035 Aventinae
528 1970 620 2035 timor
640 1976 735 2052 atque
755 1971 888 2037 infamia
909 1962 1017 2058 silvae,

239 2094 301 2138 non
323 2073 395 2137 leve
416 2073 557 2138 finitimis
579 2073 816 2157 hospitibusque
838 2076 964 2140 malum.

196 2176 265 2240 dira
286 2176 353 2241 viro
375 2175 482 2255 facies,
505 2176 589 2241 vires
610 2196 667 2259 pro
689 2196 827 2260 empore,
851 2197 962 2263 corpus

238 2276 367 2361 grande.
412 2283 503 2360 pater
524 2278 653 2342 monstri
675 2278 828 2343 Mulciber
849 2278 941 2345 huius
965 2288 1046 2346 erat:

196 2399 313 2464 proque
335 2377 427 2444 domo
448 2379 724 2463 longissspelunoa
746 2382 920 2448 recessibus
941 2382 1063 2466 ingens,

239 2481 357 2561 abdita,
380 2481 436 2546 vix
459 2481 536 2565 ipsis
558 2482 750 2548 invenienda
771 2483 855 2548 feris.

133 2660 136 2665 4
196 2604 252 2648 ora
273 2603 367 2666 super
387 2590 493 2666 postes
514 2583 683 2666 adfixaque
704 2585 852 2651 bracchia
873 2585 1022 2670 pendent,

240 2684 444 2768 squalidaque
465 2686 612 2751 humanis
633 2687 756 2752 ossibus
777 2688 863 2753 albet
884 2687 1005 2754 humus.

197 2794 322 2854 servata
344 2788 427 2852 male
448 2795 538 2872 parte
560 2790 654 2853 boum
676 2791 754 2855 Iove
775 2797 868 2855 natus
889 2790 1013 2856 abibat:

239 2891 393 2974 mugitum
415 2911 509 2956 rauco
531 2892 615 2956 furta
637 2892 752 2958 dedere
774 2913 859 2958 sono.

197 2987 327 3078 ‘accipio
349 2990 546 3060 revocamen'
568 2996 621 3078 ait,
644 3015 816 3077 vocemque
838 3004 963 3062 secutus

239 3097 337 3180 impia
357 3116 414 3182 per
436 3097 532 3162 silvas
553 3097 653 3162 victor
675 3098 717 3162 ad
738 3104 831 3162 antra
852 3100 947 3163 venit.

198 3198 250 3263 ille
271 3198 391 3263 aditum
413 3199 505 3264 fracti
527 3206 762 3282 praestruxerat
783 3201 873 3266 obice
894 3203 1022 3268 montis:
1124 3195 1127 3204 ’

241 3301 296 3365 vix
319 3302 394 3385 iuga
416 3302 588 3367 movissent
611 3304 748 3386 quinque
771 3304 820 3369 bis
841 3303 917 3369 illud
940 3324 1027 3390 opus.
1242 3330 1291 3379 100

197 3404 306 3468 nititur
327 3404 380 3468 hic
400 3406 526 3487 umeris,
550 3416 592 3451 —'-
615 3406 736 3471 caelum
760 3427 882 3490 quoque
904 3409 1031 3473 sederat
1052 3408 1113 3473 illis
1135 3447 1177 3456 -

241 3513 272 3571 et
294 3513 418 3571 vastum
441 3515 526 3574 motu
549 3508 768 3574 collabefactat
789 3530 876 3576 onus.

199 3608 282 3691 quod
303 3610 396 3675 simul
418 3630 561 3676 eversum
584 3618 641 3692 est,
664 3612 771 3696 fragor
792 3613 923 3678 aethera
944 3614 1056 3679 terruit
1077 3614 1189 3697 ipsum,

240 3711 363 3794 ictaque
385 3713 526 3778 subsedit
547 3713 686 3796 pondere
708 3715 798 3781 molis
819 3715 947 3782 humus:
