2934 4117
273 133 333 198 168
606 149 717 220 blcqieu:
737 150 787 206 Ill.
806 150 967 221 dispolient.

270 323 420 389 Ponticus
441 321 546 406 heroo,
570 324 688 389 Bassus
710 343 834 405 quoque
856 323 958 389 clarus
980 324 1093 392 iambis

312 425 417 491 dulcia
439 426 601 492 convictus
622 427 765 492 membra
786 425 874 492 fuere
896 428 967 492 mei.

270 536 302 596 et
323 530 425 595 tenuit
445 537 568 596 nostras
590 549 774 596 numerosus
796 531 943 595 Horatius
965 552 1067 614 aures,

312 632 387 697 dum
409 632 482 698 ferit
503 632 643 699 Ausonia
665 632 805 698 carmina
827 634 911 698 culta
932 634 1011 717 lyra.

270 736 442 819 Vergilium
465 734 531 802 vidi
552 742 686 818 tantum,
708 756 769 802 nee
790 756 898 801 amara
919 736 1043 802 Tibullo

255 917 257 919 Ι
311 846 436 924 tempus
458 839 616 905 amicitiae
638 837 705 904 fata
725 838 843 904 dedere
865 859 963 904 meae.

270 962 431 1009 successor
452 942 513 1009 fuit
534 942 586 1007 hic
607 942 675 1022 tibi,
699 941 799 1023 Galle,
821 942 1000 1026 Propertius
1022 942 1082 1027 illi;

312 1052 441 1129 quartus
462 1046 504 1112 ab
526 1046 576 1112 bis
599 1045 680 1111 serie
702 1045 852 1130 temporis
873 1045 942 1130 ipse
964 1045 1019 1110 fui.

270 1154 367 1231 utque
390 1168 449 1234 ego
471 1149 615 1230 maiores,
638 1148 684 1214 sic
706 1168 757 1215 me
780 1148 903 1214 coluere
924 1150 1070 1230 minores,
1311 1170 1346 1219 oo

213 1290 216 1294 ι
314 1258 451 1335 notaque
472 1272 536 1317 non
559 1252 649 1319 tarde
671 1252 757 1319 facta
777 1253 892 1317 Thalia
912 1272 984 1318 mea
1006 1261 1063 1319 est.

269 1354 410 1420 carmina
431 1375 502 1420 cum
523 1355 658 1440 primum
681 1356 796 1439 populo
818 1355 977 1421 iuvenalia
998 1355 1071 1441 legi,

312 1459 413 1524 barba
433 1464 555 1524 resecta
577 1457 654 1523 mibi
677 1458 767 1524 bisve
790 1459 928 1524 semelve
949 1457 1017 1524 fuit.

238 1638 240 1643 .
270 1561 368 1624 multa
391 1560 517 1643 quidem
539 1561 668 1646 scripsi;
692 1559 750 1627 sed
773 1581 853 1643 quae
875 1560 989 1628 vitiose
1011 1562 1129 1647 putavi,

313 1663 525 1730 emendaturis
547 1664 675 1748 ignibus
695 1664 765 1749 ipse
787 1664 869 1731 dedi.
1313 1686 1347 1735 eo

269 1774 345 1832 tnnc
367 1787 500 1850 quoque,
524 1788 595 1833 cum
617 1768 770 1852 fugerem,
793 1768 949 1851 quaedam
971 1769 1125 1853 placitura
1147 1768 1284 1834 cremavi

312 1871 409 1935 iratus
432 1870 535 1936 studio
558 1870 811 1955 carminibusque
832 1871 920 1936 meis.

269 1993 380 2059 paene⁴¹
393 1973 470 2038 mihi
492 1993 589 2058 puero
611 1994 671 2039 nec
693 1974 792 2058 digna
812 1994 873 2040 nee
894 1974 979 2039 utilis
1001 1993 1081 2039 uxor

236 2106 239 2111 ·
313 2081 361 2141 est
383 2075 467 2157 data,
490 2096 572 2159 quae
594 2083 719 2162 tempus
741 2096 798 2161 per
820 2078 916 2143 breve
938 2083 1039 2160 nupta
1060 2077 1129 2142 fuit.
1226 2138 1229 2143 .

270 2178 315 2244 illi
336 2179 488 2245 suecessit
510 2179 656 2261 quamvis
678 2180 748 2245 sine
770 2179 900 2247 crimine
922 2180 1071 2261 coniunx,

311 2302 376 2347 non
397 2282 560 2347 tamenin
583 2289 689 2348 nostro
711 2282 803 2348 firma
824 2283 929 2348 futura
951 2290 1027 2348 toro.

270 2386 389 2466 ultima,
413 2405 494 2468 quae
516 2405 639 2450 mecum
662 2405 748 2451 seros
769 2385 942 2470 permansit
963 2386 997 2450 in
1019 2405 1128 2467 annos,

313 2488 461 2553 sustinuit
483 2488 621 2553 coniunx
644 2489 763 2554 exsulis
786 2508 856 2555 esse
876 2489 946 2554 riri.

270 2597 302 2656 et
325 2591 389 2656 iam
411 2592 583 2675 complerat
604 2591 728 2675 genitor
750 2612 808 2657 sua
829 2591 896 2656 fata
917 2611 1093 2674 novemque

313 2692 479 2759 addiderat
499 2694 605 2761 lustris
626 2695 726 2760 altera
748 2695 846 2759 lustra
868 2715 995 2760 novem:

270 2817 331 2862 non
355 2797 446 2863 aliter
466 2796 550 2876 flevi,
574 2817 669 2880 quam
691 2816 743 2861 me
764 2796 894 2863 fleturus
916 2797 1098 2882 ademptum

312 2900 365 2964 ille
387 2899 455 2965 fuit.
479 2900 572 2963 matri
594 2899 740 2984 proxima
761 2900 844 2965 iusta
865 2901 930 2964 tuli.

269 3001 378 3067 felices
400 3003 494 3067 ambo
516 3001 765 3087 tempestiveque
787 3003 909 3086 sepulti,

312 3103 493 3169 antediem
515 3124 637 3188 poenae
661 3104 744 3187 quod
766 3105 888 3189 periere
909 3106 1012 3170 meae!

270 3227 321 3272 me
343 3226 467 3290 quoque
490 3207 624 3288 felicem,
648 3207 732 3290 quod
754 3227 817 3272 non
839 3207 1021 3272 viventibus
1043 3202 1126 3272 illis

312 3329 382 3374 sum
404 3309 498 3374 miser
520 3315 552 3374 et
573 3309 614 3375 de
635 3330 687 3376 me
709 3308 793 3393 quod
815 3309 941 3375 doluere
963 3310 1055 3375 nibil!

270 3412 298 3477 si
319 3418 426 3476 tamen
449 3412 615 3478 exstinctis
636 3410 757 3495 aliquid
779 3412 840 3478 nisi
862 3414 991 3479 nomina
1012 3417 1109 3479 restat

314 3521 345 3579 et
366 3514 493 3597 gracilis
516 3522 649 3581 structos
672 3516 783 3599 effugit
804 3517 916 3581 umbra
938 3535 1039 3600 rogos,

224 3644 227 3649 ·
271 3615 365 3696 fama,
387 3616 575 3698 parentales,
599 3617 625 3683 si
648 3638 704 3682 vos
726 3637 798 3682 mea
821 3618 960 3704 contigit,
984 3618 1122 3696 umbrae,

314 3724 346 3780 et
367 3717 495 3782 suntin
518 3719 630 3804 Stygio
653 3719 784 3785 crimina
806 3728 912 3787 nostra
934 3721 1010 3800 foro,
