2934 4117
525 167 564 217 16.
592 162 669 218 itaut
688 163 730 216 her
748 161 908 229 moretum.

247 346 279 401 et
300 347 383 402 seret
405 343 436 400 et
458 336 543 400 culta
565 334 706 420 praemia
728 335 816 399 tollet
836 334 952 399 humo.‘
1087 402 1090 405 ,

204 439 286 504 dixit
307 445 339 504 et
361 438 527 524 egrediens
549 440 666 504 nubem
689 437 786 501 trahit
807 438 902 520 inque
926 436 1077 502 dracones

246 542 360 608 transit
382 548 414 607 et
434 542 544 607 alifero
566 542 682 607 tollitur
704 562 767 606 axe
789 542 894 608 Ceres.
1248 558 1296 607 ruo

204 645 323 711 Sunion
346 645 524 730 expositum
546 644 720 727 Piraeaque
743 651 812 710 tuta
832 664 959 711 recessu

246 748 359 831 linquit
381 748 466 813 etin
491 747 636 813 dextrum
659 767 741 830 quae
762 748 845 813 iacet
867 769 921 813 ora
943 749 1033 812 latus.

203 851 278 916 hinc
299 852 358 915 init
379 852 552 935 Aegaeum,
576 872 637 935 quc
660 850 817 935 Cycladas
839 851 974 935 adspicit
996 871 1115 933 omnes,

247 953 432 1037 Ioniumque
453 974 554 1039 rapax
576 955 774 1037 Icariumque
796 955 874 1038 legit

204 1077 322 1142 perque
344 1057 439 1123 urbes
460 1058 556 1123 Asiae
577 1058 707 1142 longum
728 1058 809 1143 petit
830 1057 1067 1142 Hellespontum
1250 1077 1296 1124 rus

248 1159 470 1245 diversumque
492 1160 569 1226 locis
592 1161 657 1225 alta
678 1167 820 1246 pererrat
840 1160 908 1225 iter.

205 1284 279 1329 nam
301 1263 394 1330 modo
415 1264 564 1348 turilegos
587 1263 719 1345 Arabas,
743 1263 835 1329 modo
858 1262 991 1348 despicit
1012 1262 1122 1329 Indos:

247 1366 322 1431 hinc
343 1366 454 1451 Libys,
476 1365 552 1432 hinc
573 1367 678 1432 Meroe·
699 1366 846 1450 siccaque
866 1372 951 1431 terra
972 1367 1093 1432 subest:

204 1489 290 1536 nunc
310 1468 378 1534 adit
400 1470 579 1555 Hesperios,
601 1469 757 1551 Rhenum,
780 1468 1031 1552 Rhodanumque
1050 1467 1233 1552 Padumque

248 1580 342 1656 teque
364 1572 468 1639 future
489 1593 613 1658 parens,
636 1572 769 1657 Thybri,
792 1573 929 1657 potentis
951 1592 1062 1656 aquae.
1249 1592 1297 1642 rso

206 1697 267 1759 quc
289 1676 392 1742 feror?
415 1676 603 1743 immensum
626 1682 675 1742 est
697 1681 816 1742 erratas
839 1675 943 1741 dicere
965 1682 1077 1741 terras:

247 1780 434 1864 praeteritus
457 1780 562 1846 Cereri
584 1781 689 1845 nullus
710 1780 745 1845 in
768 1780 843 1846 orbe
863 1780 959 1846 locus.

206 1889 288 1946 errat
310 1888 342 1947 et
363 1881 397 1946 in
420 1884 507 1948 caelo
528 1882 702 1966 liquidique
724 1883 878 1948 immunia
898 1883 987 1967 ponti

248 1984 425 2068 adloquitur
446 1984 550 2069 gelido
572 1986 717 2069 proxima
739 1985 831 2068 signa
852 1987 932 2069 polo.

206 2087 419 2153 ‘Parrhasides
442 2090 561 2170 stellae,
583 2127 626 2136 -
648 2109 785 2172 namque
807 2089 914 2154 omnia
935 2109 1028 2154 nosse
1050 2090 1189 2172 potestis,
1250 2109 1296 2159 ras

247 2212 419 2274 aequoreas
441 2213 602 2275 nunquam
625 2213 695 2257 oum
718 2192 858 2257 subeatis
879 2212 978 2275 aquas
1000 2229 1042 2239 -—

204 2295 427 2378 Persephonen
450 2302 556 2360 natam
578 2296 712 2362 miserae
734 2301 905 2361 monstrate
927 2297 1073 2380 parentil'

248 2398 380 2464 dixerat.
419 2398 493 2462 huic
514 2399 626 2463 Helice
647 2399 724 2464 talia
745 2399 845 2463 verba
866 2398 975 2464 refert:

206 2500 345 2567 ‘crimine
367 2522 431 2567 nox
453 2522 556 2567 vacua
578 2508 635 2567 est.
673 2502 777 2569 Solem
800 2500 841 2568 de
862 2502 985 2586 virgine
1008 2507 1099 2588 rapta

248 2606 384 2687 consule,
408 2606 461 2688 qui
483 2606 547 2671 late
569 2605 654 2672 facta
675 2604 789 2671 diurna
811 2604 918 2670 videt?

205 2707 257 2774 Sol
279 2707 384 2774 aditus
408 2713 511 2792 ‘quam
535 2709 680 2791 quaeris,'
702 2709 747 2774 ait
770 2713 820 2774 ‘ne
842 2728 927 2774 vana
947 2708 1081 2788 labores,

247 2818 347 2896 nupta
368 2812 454 2877 Iovis
475 2810 564 2877 fratri
585 2812 679 2878 tertia
699 2831 800 2895 regna
820 2812 926 2877 tenet?

206 2922 317 2998 questa
338 2915 393 2980 diu
415 2936 521 2981 secum
543 2915 590 2980 sic
612 2921 661 2980 est
682 2914 792 2979 adfata
812 2915 998 2994 Tonantem,

247 3019 449 3102 maximaque
471 3019 505 3083 in
527 3019 615 3083 vultu
638 3017 731 3102 signa
752 3017 887 3082 dolentis
909 3023 1012 3082 erant:

205 3121 242 3187 ‘si
264 3141 383 3187 memor
405 3141 449 3202 es,
472 3120 512 3186 de
535 3141 596 3203 quc
618 3120 695 3186 mihi
718 3120 759 3185 sit
780 3120 969 3203 Proserpina
991 3126 1075 3201 nata,

248 3223 412 3289 dimidium
435 3243 528 3289 curae
550 3223 645 3290 dehet
666 3223 786 3289 habere
808 3228 890 3287 tuae.

205 3328 280 3394 orbe
302 3332 461 3412 pererrato
484 3327 550 3392 sola
572 3333 620 3393 est
641 3326 756 3392 iniuria
777 3325 853 3390 facti

248 3429 384 3513 cognita.
408 3431 566 3495 commissi
587 3429 728 3515 praemia
750 3435 855 3513 raptor
877 3428 982 3493 hahet.

204 3540 237 3597 at
259 3552 363 3615 neque
385 3533 587 3618 Persephone
608 3533 707 3617 digna
729 3538 777 3597 est
797 3530 957 3617 praedone
979 3532 1100 3611 marito,

249 3655 308 3701 neo
329 3655 428 3720 gener
449 3634 509 3701 hoo
530 3636 621 3701 nobis
642 3655 729 3702 more
750 3634 910 3720 parandus
933 3640 1010 3700 erat.

206 3736 282 3819 quid
303 3737 432 3821 gravius
454 3738 573 3804 victore
595 3739 687 3824 Gyge
710 3740 837 3824 captiva
859 3737 1011 3819 tulissem,
