2934 4117
664 201 894 271 lliteturuutpbulcu.

564 414 616 484 23.
640 420 705 485 bct
728 416 797 486 dut
821 420 878 486 bau
900 420 994 501 dane.

310 571 387 650 depr,
403 574 446 633 brt
457 570 546 652 ilbuiq
560 585 612 634 buu
623 571 745 652 brebia,
761 572 941 649 uutauimmt,
956 572 1078 654 eripuerit
1092 574 1167 655 burri)
1179 573 1217 636 bie
1228 575 1294 638 see

267 667 408 746 uoubluuq
423 665 501 743 lauet
515 666 639 729 brutas
655 666 791 728 mutatur
807 666 834 727 iu
850 666 920 728 dum
934 667 1049 749 bobirbt,
1070 667 1122 729 ciue
1136 669 1219 746 &obet
1232 667 1294 748 uod)

268 759 379 836 bisunt,
395 779 441 821 utu
457 763 515 822 bort
529 763 577 822 but
592 760 690 824 Druiel
705 763 749 822 but
764 761 859 840 bipalio
874 780 905 841 gu
919 762 1045 841 hrpaget.

182 960 184 962 ,
309 887 455 952 Portibus
477 888 629 969 exierant,
653 894 685 954 et
706 893 847 952 moverat
868 908 945 951 aura
965 887 1127 972 rudentes5

267 989 402 1054 obvertit
423 989 513 1055 lateri
535 989 711 1075 pendentes
733 991 842 1054 navita
863 1009 966 1054 remos

267 1112 444 1175 cornuaque
465 1093 499 1157 in
522 1113 645 1157 summa
666 1093 749 1157 locat
770 1094 881 1157 arbore
903 1099 1030 1174 totaque
1051 1093 1133 1156 malo

268 1196 399 1261 carbasa
421 1194 548 1261 deducit
569 1196 796 1278 venientesque
819 1196 933 1280 accipit
955 1215 1056 1259 auras.

267 1299 446 1363 autminus
468 1305 522 1363 aut
544 1305 628 1363 certe
650 1298 789 1363 medium
810 1318 873 1364 non
896 1298 1029 1382 amplius
1051 1318 1167 1379 aequor

268 1421 375 1484 puppe
397 1402 562 1466 secabatur
583 1402 739 1485 longeque
762 1407 829 1465 erat
851 1406 982 1483 utraque
1004 1400 1104 1480 tellus

268 1523 338 1567 oum
360 1523 445 1566 mare
469 1505 526 1568 sub
549 1510 673 1569 noctem
696 1502 824 1568 tumidis
847 1503 1007 1569 albescere
1030 1502 1132 1584 eoepit

267 1605 412 1671 flrrctibus
436 1613 467 1670 et
487 1626 638 1690 praeceps
660 1607 778 1690 spirare
800 1606 956 1671 valentius
978 1624 1079 1669 eurus.

268 1702 377 1772 ‘ardua
397 1708 580 1773 iamdudum
604 1708 758 1773 demittite
782 1704 906 1774 cornua'
928 1713 1030 1773 rector

269 1811 381 1875 clamat
403 1805 446 1875 ‘et
467 1813 624 1876 antemnis
646 1818 745 1875 totum
769 1812 942 1876 subnectite
965 1804 1091 1875 velum.³

269 1913 319 1977 bic
341 1913 441 1977 iubet:
465 1914 640 1997 impediunt
663 1913 816 1979 adversae
838 1913 924 1978 iussa
946 1913 1112 1996 procellae,

268 2036 327 2081 nec
349 2016 424 2081 sinit
446 2016 547 2080 audiri
570 2037 680 2081 voe-em
702 2016 809 2099 fragor
830 2015 975 2098 aequoris
997 2016 1100 2079 ullam.

268 2125 379 2201 sponte
402 2125 508 2182 tamen
529 2124 699 2202 properant
721 2119 774 2181 alii
797 2118 970 2182 subducere
991 2136 1102 2198 remos,

268 2240 341 2304 pars
362 2222 484 2285 munire
506 2222 597 2302 latus,
619 2241 692 2304 pars
715 2221 817 2284 ventis
840 2220 911 2284 vela
932 2238 1057 2302 negare.

269 2323 369 2406 egerit
390 2322 442 2386 hic
463 2322 576 2387 fluctus
599 2343 778 2405 aequorque
800 2322 939 2386 refundit
960 2322 993 2385 in
1015 2341 1140 2402 aequor,

269 2425 320 2490 hic
341 2426 423 2509 rapit
445 2433 618 2490 antemnas.
665 2445 746 2506 quae
768 2424 843 2488 dum
867 2425 935 2488 sine
957 2424 1028 2505 lege
1050 2429 1208 2505 geruntur,

267 2548 381 2612 aspera
403 2528 514 2593 crescit
536 2527 637 2592 hiems
659 2527 807 2609 omnique
830 2547 847 2590 e
869 2532 959 2609 parte
981 2525 1100 2590 feroces

268 2631 352 2695 bella
373 2637 486 2712 gerunt
509 2631 594 2694 venti
616 2629 759 2710 fretaque
781 2627 980 2711 indignantia
1001 2626 1142 2691 miscent.

268 2733 337 2816 ipse
358 2739 454 2816 pavet
475 2751 534 2796 neo
556 2751 600 2812 se,
624 2732 678 2814 qui
700 2732 741 2796 sit
763 2736 872 2809 status,
895 2730 963 2813 ipse
985 2729 1100 2793 fatetur

269 2835 348 2899 scire
370 2835 446 2899 ratis
468 2841 578 2915 rector,
601 2853 661 2898 nec
683 2832 760 2915 quid
781 2833 929 2896 iubeatve
952 2838 1090 2896 vetetve:

269 2943 358 3000 tanta
379 2937 453 3001 mali
476 2938 574 3001 moles
595 2944 747 3018 tantoque
768 2936 924 3020 potentior
945 2941 1012 2998 arte
1035 2939 1090 2998 est.

270 3040 385 3124 quippe
407 3046 521 3105 sonant
543 3040 677 3104 clamore
698 3038 768 3118 viri,
792 3037 923 3102 stridore
945 3036 1102 3116 rudentes,

269 3149 433 3207 ventorum
455 3143 582 3206 incursu
602 3141 709 3225 gravis
731 3139 825 3221 unda,
850 3139 1015 3205 tonitribus
1037 3136 1154 3202 aether.

269 3244 415 3310 fluetibus
438 3245 566 3327 erigitur
589 3244 772 3326 caelumque
794 3262 930 3324 aequare
951 3241 1075 3305 videtur

269 3354 383 3431 pontus
406 3353 437 3412 et
458 3346 604 3413 inductas
626 3345 815 3430 adspergine
838 3352 968 3428 tangere
990 3343 1098 3408 nubes.

270 3456 302 3514 et
323 3449 425 3531 modo,
449 3470 519 3515 cum
542 3450 645 3515 fulvas
667 3449 793 3514 eximo
816 3447 913 3512 verrit
934 3446 1077 3525 harenas,

271 3552 413 3618 concolor
434 3560 482 3617 est
503 3553 573 3633 illis,
597 3552 711 3636 Stygia
731 3550 824 3616 modo
846 3549 964 3634 nigrior
985 3547 1083 3631 unda3

271 3655 419 3720 sternitur
440 3656 597 3721 interdum
621 3655 803 3740 spumisque
824 3652 1008 3718 sonantibus
1030 3650 1123 3714 albet.

313 3757 387 3846 Ipsa
409 3778 532 3842 quoque
554 3759 603 3824 his
624 3759 727 3842 agitur
750 3757 871 3823 vicibus
893 3753 1060 3819 Trachinia
1082 3749 1195 3835 puppis

1324 1317 1340 1364 5

1312 1829 1343 1875 10

1313 2339 1343 2386 15

1219 2816 1345 2898 ¹ao

1311 3360 1345 3407 25
