2934 4117
237 79 296 143 184
513 93 625 163 dispicit:
645 94 693 149 lV.
712 93 797 162 idrieic
816 103 874 149 uum
892 93 1004 162 iduatus.

92 316 96 324 .
174 349 176 353 .
207 269 353 346 ”scilicet
374 267 436 332 hac
454 244 563 348 etiam,
587 286 650 349 qua
672 266 758 331 nulla
780 265 913 331 ferocior
934 287 989 331 ora
1011 274 1069 349 est,

192 456 196 463 .
246 431 248 436 ,
276 371 391 436 nomen
413 370 571 435 amicitiae
593 369 729 435 barbara
752 369 848 434 corda
869 377 983 435 movet.

144 560 146 563 ι
233 475 309 558 qnid
331 474 436 539 facere
457 473 598 539 Ausonia
618 473 718 557 geniti
742 472 863 538 debetis
885 474 919 537 in
940 475 1028 556 urbe,

264 562 347 643 ¹cum
370 583 503 661 tangant
526 576 620 642 duros
642 578 718 641 talia
741 578 826 641 sacta
848 577 967 642 Getas?

234 681 325 763 adde,
350 680 433 764 quod
455 685 503 745 est
520 681 648 745 ‘animus
670 700 795 764 semper
816 680 874 745 tibi
896 680 981 745 mitis
1004 688 1035 745 et
1057 681 1140 745 altae

223 820 225 823 ·
276 784 428 849 indicium
451 804 552 849 mores
575 783 748 849 nobilitatis
770 783 899 864 habent,

234 908 312 971 quos
333 886 467 955 Volesus
489 888 582 970 patrii
605 895 775 971 cognoscat
798 887 933 952 nominis
956 893 1071 969 auctor,

278 1011 355 1075 quos
376 992 482 1055 Numa
504 997 665 1056 maternus
687 1011 752 1056 non
774 998 869 1075 neget
891 1010 961 1056 esse
983 1010 1065 1071 suos,

233 1095 411 1177 adiectique
433 1094 567 1177 probent
588 1094 739 1178 genetiva
760 1093 802 1182 ad
824 1094 952 1158 nemina
975 1094 1094 1176 Cottae,

277 1199 304 1263 si
326 1205 359 1263 tu
382 1218 444 1263 non
468 1218 564 1279 esses,
588 1199 754 1263 interitura
776 1197 895 1262 domus.

234 1302 330 1386 digne
353 1302 402 1366 vir
423 1300 484 1365 hac
507 1300 598 1381 serie,
621 1301 709 1385 lapso
732 1321 913 1366 succurrere
936 1300 1037 1366 amico

277 1404 469 1469 conveniens
491 1404 561 1469 istis
583 1405 722 1470 moribus
744 1424 814 1470 esse
836 1406 927 1489 puta!

565 1560 598 1653 3ss
620 1587 677 1654 {tu
699 1587 749 1655 tis
771 1560 931 1656 secunus.

236 1715 340 1780 Verba
361 1714 438 1779 mihi
461 1713 575 1779 desunt
598 1714 711 1779 eadem
733 1720 799 1778 tam
822 1733 917 1798 saepe
939 1713 1073 1797 neganti,

255 1817 403 1899 iamque
425 1816 523 1902 pudet
545 1837 645 1882 vanas
667 1817 730 1881 fine
754 1837 861 1882 carere
882 1837 1000 1902 preces.

234 1921 340 1986 taedia
362 1921 514 1987 consimili
537 1921 605 1985 fieri
628 1919 668 1984 de
691 1916 829 1985 carmine
852 1921 951 2002 vobis,
1018 1941 1020 1945 ’

277 2023 415 2107 quidque
437 2030 553 2108 petam,
577 2031 705 2088 cunctos
729 2023 895 2088 edidicisse
917 2043 994 2088 reor.

234 2135 404 2209 nostraque
428 2127 503 2209 quid
525 2132 636 2211 portet,
659 2127 724 2192 iam
746 2128 855 2209 nostis,
880 2124 1032 2212 epistula,
1048 2126 1192 2209 quamvis

277 2252 349 2296 cera
371 2231 412 2296 sit
434 2251 454 2295 a
476 2231 597 2295 vinclis
610 2251 673 2295 non
696 2230 855 2296 labefacta
876 2231 949 2296 suis.

234 2354 308 2417 ergo
332 2340 468 2398 mutetur
491 2334 600 2418 scripti
621 2335 779 2398 sententia
800 2333 908 2415 nostri,

277 2456 317 2501 ne
340 2436 456 2502 totiens
478 2443 596 2518 contra,
621 2457 715 2520 quam
738 2438 820 2521 rapit
841 2438 953 2517 amnis,
978 2456 1056 2501 eam

234 2539 318 2622 quod
340 2538 423 2605 bene
444 2540 485 2605 de
508 2541 598 2606 uobis
621 2541 756 2625 speravi,
779 2540 942 2624 ignoscite,
965 2539 1073 2604 amici:

277 2643 353 2707 talia
373 2643 527 2727 peccandi
550 2644 613 2708 iam
636 2644 712 2707 mihi
735 2643 808 2708 finis
831 2642 897 2708 erit.

234 2765 295 2810 nec
316 2746 424 2829 gravis
446 2747 538 2811 uxori
560 2746 660 2810 dicar:
685 2766 766 2829 quae
789 2745 909 2811 scilicet
931 2746 963 2809 in
986 2764 1037 2809 me

277 2868 372 2931 quam
393 2850 501 2932 proba,
526 2856 590 2913 tam
612 2848 724 2913 timida
747 2855 794 2914 est
816 2848 1052 2932 experiensque
1069 2867 1188 2931 parum.
1240 2922 1248 2932 ἱ

233 2948 294 3015 hoc
316 2971 449 3034 quoque,
473 2953 568 3032 Naso,
593 2950 691 3017 feres:
715 2952 831 3016 etenim
853 2951 961 3036 peiora
977 2950 1090 3016 tulisti.

276 3055 341 3119 iam
363 3056 421 3120 tibi
444 3056 552 3120 sentiri
575 3055 699 3121 sarcina
722 3056 806 3120 nulla
828 3062 939 3140 potest.

234 3157 347 3223 ductus
368 3158 410 3224 ab
432 3166 574 3224 armento
597 3166 705 3223 taurus
728 3158 881 3223 detractet
903 3164 1051 3239 aratrum,

278 3261 442 3327 subtrahat
465 3268 496 3326 et
518 3262 595 3328 duro
619 3262 698 3326 colla
720 3262 846 3327 novella
867 3262 953 3346 iugo:

233 3384 300 3446 nos,
324 3365 438 3447 quibus
460 3365 606 3433 adsuevit
628 3364 727 3430 fatum
751 3364 916 3429 crudeliter
939 3365 992 3447 uti,

276 3467 318 3532 ad
340 3469 424 3534 mala
446 3469 510 3534 iam
532 3468 655 3553 pridem
677 3489 740 3534 non
763 3489 869 3534 sumus
891 3470 955 3534 ulla
977 3469 1078 3534 rudes.

233 3570 377 3637 venimus
399 3572 432 3636 in
456 3572 581 3637 Geticos
603 3572 697 3638 fines:
720 3573 888 3638 moriamur
910 3574 942 3638 in
964 3573 1035 3654 illis,

277 3673 437 3756 Parcaque
459 3674 500 3739 ad
524 3680 698 3740 extremum
722 3696 786 3758 qua
807 3697 879 3741 mea
902 3676 1012 3761 coepit,
1037 3677 1100 3741 eat!
