2934 4117
533 225 558 277 9.
577 220 619 277 aa
637 220 675 277 bie
693 220 793 277 (bottis.

151 397 241 460 litora
263 401 338 479 quot
360 393 506 474 oonohas,
530 399 605 477 quot
625 413 761 461 amoena
780 393 899 459 rosaria
920 392 1021 473 flores,

194 503 328 582 quotque
350 497 555 581 soporiferum
576 505 678 581 grana
699 516 840 581 papaver
860 496 966 576 habet,

150 601 230 666 silva
251 600 335 671 feras
358 606 433 683 quot
454 599 519 680 alit,
543 605 618 682 quot
639 599 779 684 piscibus
801 598 887 664 unda
909 605 1044 678 natatur,
1190 618 1223 665 aa

193 710 268 786 quot
289 710 431 768 tenerum
453 703 566 785 pennis
588 708 663 767 aera
684 702 789 785 pulsat
810 702 888 783 avis,

152 814 194 871 tot
216 826 339 891 premor
360 804 510 871 adversis.
536 824 616 887 quae
639 805 667 870 si
689 824 875 889 componere
898 824 999 885 eouer,

192 910 311 974 Ioariae
333 927 498 977 numerum
520 907 625 972 disere
647 927 742 972 coner
764 927 874 989 aquae.

149 1020 245 1095 utque
266 1013 338 1077 viae
360 1030 461 1092 nasus,
484 1016 519 1075 ut
539 1030 648 1075 amara
668 1010 809 1093 pericula
830 1010 928 1094 ponti,

193 1122 227 1180 ut
249 1121 371 1179 taoeam
393 1115 517 1181 striatas
539 1113 572 1178 in
595 1133 666 1178 mea
688 1114 755 1179 fata
776 1133 901 1179 manus:

100 1250 102 1254 ·
149 1219 285 1283 barbara
307 1237 358 1282 me
380 1217 471 1282 tellus
486 1216 641 1298 ‚orbisque
663 1215 836 1282 novissima
857 1216 964 1301 magni

193 1320 326 1385 sustinet
348 1325 380 1383 et
402 1339 496 1384 saevo
519 1320 639 1384 einotus
660 1319 702 1384 ab
724 1319 930 1385 hosteloous.

150 1422 224 1487 hine
236 1442 294 1506 ego
305 1422 461 1501 traicerer,
473 1459 516 1468 —-
527 1423 725 1503 nequeenim
741 1441 812 1488 mea
828 1422 920 1506 eulpa
935 1428 1064 1486 eruenta
1076 1427 1123 1486 est
1136 1459 1175 1469 -

194 1531 285 1607 esset,
308 1546 388 1609 quae
412 1525 516 1606 debet,
538 1525 566 1591 si
588 1525 646 1590 tibi
669 1544 744 1590 eura
766 1525 837 1591 mei.

149 1631 202 1695 ille
224 1629 311 1711 deus,
334 1631 416 1695 bene
439 1648 500 1711 quo
521 1630 667 1694 Romana
686 1629 828 1713 potentia
850 1627 926 1692 nixa
949 1634 1006 1709 est,
1190 1647 1223 1696 so

192 1752 288 1816 saepe
309 1753 365 1798 suo
388 1733 487 1796 vietor
507 1731 588 1796 lenis
609 1732 643 1797 in
665 1731 755 1798 hoste
776 1730 844 1796 fuit.

151 1835 226 1917 quid
249 1835 374 1900 dubitas
396 1842 427 1898 et
449 1840 516 1898 tuta
538 1834 652 1899 times?
674 1834 792 1900 asnede
813 1854 965 1918 togaque:

195 1939 331 2004 Caesare
353 1938 396 2000 nit
419 1937 533 2020 ingens
554 1937 661 2001 mitius
682 1936 767 2003 orbis
789 1936 894 2002 habet.

151 2061 202 2106 me
217 2041 378 2104 miserum!
403 2038 478 2120 quid
493 2059 596 2121 agam,
616 2041 643 2105 si
658 2040 802 2123 proxima
818 2060 959 2122 quaeque
975 2039 1175 2122 relinquunt?

193 2142 351 2208 subtrahis
374 2142 502 2208 effracto
524 2149 558 2207 tu
583 2162 706 2225 quoquo
729 2142 808 2207 oolla
829 2143 926 2226 iugo?
1191 2165 1224 2212 40

150 2269 211 2331 quo
233 2247 337 2311 ferar?
360 2245 444 2311 unde
466 2253 571 2330 petam
593 2246 686 2311 lassis
707 2245 822 2331 solania
843 2247 961 2312 rebus?

192 2369 309 2414 ancora
329 2349 393 2413 iam
415 2354 553 2413 nostram
575 2369 640 2413 non
662 2354 749 2413 tenet
771 2348 834 2413 ulla
854 2356 965 2415 ratem.

150 2453 280 2521 viderit!
303 2452 372 2535 ipse
394 2471 526 2533 sacram,
550 2451 694 2533 quamvis
715 2451 845 2533 invisus,
868 2452 910 2516 ad
931 2473 1019 2516 uram

194 2555 388 2639 confugiam:
411 2555 513 2620 nullas
536 2556 701 2621 submovet
722 2575 777 2619 ara
800 2575 919 2619 manus.
1062 2629 1064 2635 ,

150 2658 301 2741 adloquor
324 2678 364 2722 en
386 2658 502 2722 absens
523 2657 669 2722 absentia
691 2658 821 2721 numina
842 2659 986 2741 supplex,

194 2763 221 2826 si
243 2760 291 2826 fas
314 2768 362 2826 est
384 2760 504 2825 homini
526 2780 596 2825 enm
619 2762 695 2825 Iove
716 2780 809 2843 posse
830 2761 922 2842 loqui.

152 2864 269 2930 arbiter
289 2864 431 2947 imperii,⁴
447 2883 508 2945 quo
531 2870 650 2930 eertum
672 2870 720 2928 est
742 2863 859 2947 sospite
882 2870 1009 2928 orurotos

194 2967 353 3032 Ausoniae
375 2987 481 3031 euram
502 2967 606 3049 gentis
628 2966 746 3032 habere
768 2965 853 3046 deos,

152 3090 170 3134 o
193 3069 298 3150 denus,
322 3090 340 3134 o
362 3071 483 3154 patriae
505 3090 562 3154 per
583 3076 614 3135 te
635 3069 775 3135 florentis
798 3070 910 3152 imago,

195 3172 285 3237 ovir
305 3193 369 3236 non
391 3172 469 3256 ipso,
493 3193 586 3255 quern
607 3174 701 3255 regis,
725 3173 800 3237 orbe
822 3173 936 3237 minori

153 3275 198 3338 sie
219 3274 344 3339 habites
366 3281 465 3341 terras
487 3281 519 3341 et
540 3281 571 3340 te
593 3275 752 3341 desideret
773 3275 891 3355 aether,⁴

197 3376 243 3440 sio
264 3377 306 3441 ad
327 3385 420 3461 panta
442 3378 500 3444 tibi
522 3378 627 3445 sidera
648 3378 757 3443 tandm
780 3397 849 3443 eas:

153 3499 257 3562 parce,
279 3500 398 3565 pronos,
420 3480 645 3564 minimamque
665 3488 719 3547 tuo
742 3481 781 3545 de
803 3481 934 3546 fulmine
955 3487 1077 3564 partem

197 3580 302 3646 deme!
326 3583 403 3648 satis
424 3603 555 3668 poenae,
580 3584 664 3666 quod
685 3584 856 3666 superabit,
881 3584 946 3647 erit.

154 3676 201 3748 ira
223 3682 349 3766 quidem
371 3684 533 3753 moderata
554 3694 609 3753 tua
631 3693 688 3767 est,
711 3688 871 3766 vitamque
893 3684 1018 3766 dedisti,

196 3807 257 3851 neo
277 3787 354 3851 mihi
376 3789 425 3853 ius
448 3788 535 3868 civis,
558 3809 617 3855 neo
639 3789 714 3852 mihi
738 3808 850 3853 nomen
873 3787 973 3851 abest.
