2934 4117
258 166 300 229 36
657 180 888 249 tltetomorpboltn.

257 353 449 438 agnovitque
470 350 573 434 deam,
596 345 667 417 ‘nee
688 353 813 436 longius
834 348 946 417 ibitisl'
967 350 1082 434 inquit;
1174 382 1176 386 ’

258 449 331 522 ‘non
353 464 443 542 potes
464 455 583 521 invitae
606 455 728 522 Cereris
749 475 848 540 gener
869 474 952 539 esse;
975 454 1125 538 roganda,

257 580 320 625 non
342 558 495 644 rapienda
516 558 584 624 tuit.
609 556 720 641 quodsi
742 577 930 643 componere
951 558 1076 642 magnis
1178 601 1183 606 -

257 682 357 747 parva
378 662 455 727 mibi
477 660 528 728 ias
550 668 607 743 est,
630 668 662 726 et
684 681 735 726 me
758 659 870 726 dilexit
890 660 1026 745 Anapis:

258 772 388 831 exorata
410 772 526 846 tamen,
549 784 618 846 nec,
640 770 676 830 ut
697 764 786 847 baec,
810 765 960 830 exterrita
981 757 1095 847 nupsi.³

162 941 164 945 Α
258 868 339 933 dixit
363 869 449 934 etin
471 874 577 953 partes
599 867 741 935 diversas
763 867 911 934 bracchia
932 866 1067 931 tendens

259 972 387 1038 obstitit.
412 971 499 1039 haud
519 973 602 1038 ultra
623 970 725 1038 tenuit
747 970 912 1039 Saturnius
933 971 1012 1035 iram

258 1076 475 1158 terribilesque
496 1074 638 1141 hortatus
660 1094 758 1157 equos
779 1075 812 1139 in
834 1073 968 1160 gurgitis
989 1072 1053 1137 ima

259 1184 434 1243 contortum
456 1177 562 1243 valido
585 1183 743 1262 sceptrum
765 1177 872 1260 regale
893 1177 1009 1242 lacerto

260 1279 407 1346 condidit.
431 1281 514 1346 iacta
534 1281 620 1347 viam
641 1280 734 1346 tellus
755 1280 790 1344 iu
812 1281 943 1345 Tartara
965 1278 1039 1344 lecit

260 1391 292 1448 et
313 1404 427 1468 pronos
449 1403 556 1450 currus
577 1382 681 1449 medio
704 1391 824 1448 cratere
846 1382 972 1467 recepit.

302 1488 345 1553 At
367 1488 477 1570 Cyane
498 1494 683 1573 raptamque
706 1487 799 1552 deam
821 1492 1062 1571 contemptaque
1084 1485 1180 1551 tontis

259 1590 328 1654 iura
350 1590 399 1656 sui
420 1611 566 1657 maerens
587 1590 812 1658 inconsolabile
833 1591 947 1655 vulnus

260 1699 366 1758 mente
387 1693 469 1777 gerit
491 1692 588 1758 tacita
608 1693 808 1775 lacrimisque
829 1692 1004 1758 absumitur
1026 1692 1140 1774 omnis;

261 1802 293 1860 et
315 1816 446 1878 quarum
468 1796 572 1861 fuerat
593 1816 743 1880 magnum
766 1796 858 1861 modo
881 1814 1007 1877 numen,
1030 1795 1062 1860 in
1084 1796 1154 1860 illas

261 1905 449 1963 extenuatur
470 1919 577 1981 aquas.
601 1899 713 1964 molliri
734 1900 876 1964 membra
897 1897 1030 1980 rideres,

261 2021 333 2067 ossa
354 2002 420 2086 pati
442 2001 554 2085 flexus,
576 2022 699 2088 ungues
720 2001 863 2087 posuisse
884 2001 1033 2086 rigorem;

260 2105 424 2190 primaque
445 2105 485 2170 de
507 2112 574 2171 tota
595 2105 780 2172 tenuissima
802 2125 945 2188 quaeque
966 2105 1151 2189 liquescunt,

262 2209 395 2274 caerulei
419 2210 521 2275 crines
543 2209 696 2294 digitique
719 2216 751 2273 et
772 2228 863 2274 omre
883 2208 1056 2294 pedesque;

262 2333 335 2377 nam
357 2313 463 2379 brevis
485 2313 518 2378 in
540 2313 662 2399 gelidas
683 2314 833 2380 membris
855 2314 990 2379 exilibus
1011 2312 1112 2378 undas

262 2416 411 2481 transitus
433 2423 489 2482 est.
512 2423 584 2502 post
606 2417 686 2483 baec
707 2417 807 2482 umeri
829 2423 999 2500 tergusque
1019 2417 1164 2498 latusque

261 2524 451 2601 pectoraque
472 2519 506 2584 iu
527 2526 639 2585 tenues
661 2522 781 2586 abeunt
803 2519 939 2585 evanida
959 2519 1051 2585 rivos.

262 2621 398 2705 denique
419 2643 476 2708 pro
499 2623 572 2688 vivo
594 2623 721 2689 vitiatas
744 2623 898 2707 sanguine
919 2642 1019 2688 renas

262 2724 394 2808 lympha
416 2726 509 2806 subit,
532 2732 692 2809 restatque
713 2726 802 2807 nibil,
826 2724 910 2808 quod
931 2725 1085 2811 prendere
1106 2725 1217 2810 possis.

305 2827 392 2905 Quas
413 2828 475 2895 dea
495 2849 553 2915 per
574 2836 673 2895 terras
696 2836 727 2894 et
750 2849 828 2912 quas
850 2830 1000 2894 erraverit
1022 2829 1131 2909 undas,

262 2930 367 2996 dicere
388 2932 483 3016 longa
504 2953 591 2998 mora
613 2939 674 2998 est:
698 2930 861 3014 quaerenti
883 2931 983 2997 defuit
1004 2933 1095 2999 orbis.

263 3033 420 3100 Sicaniam
442 3036 565 3119 repetit,
588 3035 725 3118 dumque
747 3036 853 3101 omnia
873 3036 985 3100 lustrat
1006 3035 1117 3117 eundo,

261 3138 349 3202 venit
372 3138 467 3203 etad
490 3139 631 3223 Cyanen.
656 3160 695 3204 ea
716 3140 750 3204 ni
772 3146 893 3204 mutata
913 3140 1033 3221 fnisset,

263 3240 368 3305 omnia
390 3248 562 3308 narrasset:
586 3240 643 3308 sed
664 3250 696 3308 et
717 3262 753 3308 os
775 3249 807 3307 et
828 3243 937 3327 lingua
958 3243 1075 3309 volenti

263 3343 367 3408 dicere
389 3364 453 3409 non
475 3345 617 3427 aderaut,
640 3367 700 3411 nec
722 3366 784 3429 quo
805 3346 984 3428 loqueretur
1006 3347 1152 3412 habebat.

263 3445 354 3531 signa
376 3435 481 3513 tamen
504 3450 673 3515 manifesta
695 3449 783 3514 dedit
805 3456 973 3532 notamque
995 3450 1119 3533 parenti

262 3549 315 3613 illo
338 3549 416 3616 forte
438 3550 506 3617 loco
528 3552 689 3637 delapsam
711 3554 745 3617 in
767 3554 891 3637 gurgite
914 3573 1002 3618 sacro

262 3652 478 3737 Persephones
499 3676 610 3721 zonam
633 3657 762 3722 summis
784 3656 922 3722 ostendit
942 3656 976 3721 in
999 3656 1100 3721 undis.

264 3775 355 3838 qnam
378 3757 469 3821 simul
490 3760 630 3843 agnovit,
653 3766 813 3841 tamqnam
836 3768 910 3825 tnnc
933 3759 1069 3843 denique
1090 3768 1212 3845 raptam
