2934 4117
238 141 281 207 58
518 231 519 235 Ἰ
637 136 869 232 1101000101060.

239 332 324 398 mille
346 331 454 401 domos
476 334 615 399 elausere
636 355 734 400 serae.
767 342 885 401 tamen
908 357 971 401 una
993 336 1119 421 recepit,

240 455 338 520 parva
360 435 496 519 quidem,
519 437 642 521 stipulis
664 443 696 502 et
717 458 820 502 canna
842 444 925 503 tecta
946 440 1086 522 palustri,

239 537 297 603 sed
317 538 372 622 pia
393 540 507 604 Baucis
528 560 608 605 anus
629 540 782 623 parilique
804 547 907 606 aetate
929 541 1091 606 Philemon

239 641 293 705 illa
315 647 388 706 sunt
409 642 502 708 annis
523 643 621 707 iuneti
643 643 851 724 iuvenalibus,
874 644 928 708 illa

241 763 432 809 consenuere
455 765 542 828 easa;
565 752 845 830 paupertatemque
867 746 997 811 fatendo

240 846 373 911 effecere
394 847 497 911 levem
520 868 579 913 060
600 848 709 930 iniqua
729 854 835 915 mente
858 848 997 913 ferendo.

214 953 216 957 ’
240 968 301 1014 060
321 948 425 1030 refert,
450 949 592 1016 dominos
614 950 679 1015 11110
700 951 876 1016 famulosve
897 951 1050 1033 requiras:

241 1055 307 1115 tota
329 1050 439 1117 domus
461 1052 523 1117 duo
546 1057 628 1133 sunt,
650 1052 735 1117 idem
757 1058 930 1136 parentque
951 1053 1131 1136 iubeatque.

283 1154 367 1237 Ergo
390 1154 444 1218 ubi
467 1154 634 1221 caelicolae
655 1175 770 1239 parvos
793 1157 925 1240 tetigere
946 1163 1078 1240 penates

111 1291 114 1296 ·
165 1339 167 1343 Ι
242 1255 457 1339 submissoque
480 1257 613 1324 humiles
634 1258 791 1323 intrarunt
812 1259 930 1324 vertice
952 1264 1067 1343 postes,

133 1382 136 1386 ⁴
167 1349 169 1353 ’
242 1360 383 1425 membra
405 1379 504 1425 senex
526 1360 628 1445 posito
650 1361 742 1426 iussit
763 1362 903 1426 relevare
925 1360 1027 1441 sedili,

242 1481 303 1543 quo
325 1462 526 1545 superiniecit
546 1469 669 1528 textum
690 1463 768 1529 rude
791 1463 900 1528 sedula
920 1463 1043 1528 Baucis.

242 1563 317 1628 inde
339 1564 408 1629 foco
430 1564 571 1649 tepidum
595 1566 731 1631 cinerem
755 1566 886 1631 dimovit
909 1573 940 1631 et
961 1565 1053 1649 ignes

169 1722 172 1732 .
242 1666 372 1731 suscitat
393 1667 556 1734 hesternos
577 1668 722 1750 foliisque
744 1674 776 1733 et
798 1670 912 1733 cortice
934 1668 1017 1733 sicco

168 1764 173 1837 ἶ
243 1769 339 1833 nutrit
361 1775 393 1833 et
414 1768 456 1834 ad
477 1768 621 1835 flammas
642 1771 750 1835 anima
771 1769 915 1854 producit
936 1770 1026 1854 anili3

243 1871 475 1954 multifidasque
497 1873 583 1938 faces
605 1873 797 1956 ramaliaque
818 1872 909 1938 arida
930 1878 1012 1937 16010

243 1972 354 2039 detulit
376 1980 407 2038 et
429 1975 541 2039 minuit
563 1994 724 2059 parvoque
745 1975 887 2040 admovit
908 1981 998 2039 01100.

244 2075 389 2160 quodque
411 2096 485 2141 suus
508 2078 645 2141 coniunx
666 2078 756 2161 riguo
780 2078 947 2161 eollegerat
968 2076 1067 2156 horto,

170 2201 174 2213 ·
243 2184 368 2243 truncat
390 2178 480 2244 holus
501 2179 592 2244 loliis.
637 2179 727 2244 furca
748 2180 834 2244 levat
855 2180 908 2244 ille
930 2178 1050 2243 bicorni

243 2280 370 2346 sordida
393 2288 482 2375 terga
503 2282 568 2347 suis
589 2282 680 2365 nigro
702 2268 887 2365 pendentia(
896 2281 985 2365 tigno

244 2390 430 2466 servatoque
453 2383 507 2450 diu
528 2392 650 2450 resecat
671 2384 712 2450 de
733 2391 857 2467 tergore
879 2390 999 2468 partem

245 2487 393 2570 exiguam
415 2494 595 2569 sectamque
617 2487 724 2553 domat
745 2486 940 2552 ferventibus
962 2485 1063 2551 undis.

287 2591 412 2654 Interea
433 2589 554 2657 medias
576 2589 689 2654 fallunt
711 2589 907 2654 sermonibus
928 2588 1022 2653 horas

161 2712 169 2765 ÷·
244 2693 485 2774 concutiuntque
506 2699 607 2758 torum
629 2691 669 2756 de
691 2691 777 2757 molli
798 2691 936 2756 fluminis
957 2691 1032 2755 ulva

244 2794 423 2878 impositum
446 2796 527 2859 lecto
549 2794 671 2880 sponda
692 2793 889 2879 pedibusque
911 2793 1050 2877 salignis.

159 2980 161 2982 v
244 2897 385 2962 vestibus
407 2896 491 2962 buno
513 2898 628 2978 velant,
653 2916 730 2978 quas
753 2916 817 2961 non
838 2895 899 2961 nisi
921 2902 1061 2980 tempore
1083 2894 1164 2959 10010

167 3004 170 3019 ¹
245 3005 384 3064 sternere
407 3005 609 3084 consuerant;
633 2998 690 3065 sed
713 2998 845 3062 ethaeo
868 2998 1002 3080 vilisque
1025 3003 1178 3078 vetusque

244 3101 342 3167 vestis
364 3108 440 3183 erat,
463 3101 543 3167 lecto
565 3121 629 3167 000
651 3099 849 3183 indignanda
870 3100 999 3184 saligno.

176 3200 181 3303 ξ
243 3205 418 3269 accubuere
440 3204 501 3269 dei.
546 3224 689 3270 mensam
710 3203 869 3268 succincta
890 3209 1090 3283 tremensque

180 3325 184 3397 ᾖ
245 3306 333 3390 ponit
354 3327 443 3372 anus.
488 3326 617 3372 mensae
639 3305 696 3372 sed
718 3312 786 3370 erat
808 3325 865 3390 pes
887 3304 997 3369 tertius
1019 3305 1128 3387 impar.

183 3401 187 3406 ’
246 3415 328 3475 16010
348 3430 455 3495 parem
478 3409 561 3475 16011.
607 3429 688 3492 quae
709 3415 874 3493 postquam
898 3406 1023 3472 subdita
1045 3407 1159 3471 olivum

246 3512 378 3593 sustulit,
400 3518 568 3596 aequatam
589 3518 716 3577 mentae
738 3516 855 3576 tersere
877 3510 1022 3574 virentes.

246 3613 371 3698 ponitur
392 3614 444 3679 hio
465 3614 583 3680 bicolor
606 3615 747 3680 sincerae
770 3612 850 3676 baca
871 3612 1032 3677 Minervae

247 3714 433 3800 conditaque
455 3718 488 3782 in
510 3716 629 3800 liquida
651 3736 744 3782 corna
766 3714 958 3779 autumnalia
979 3713 1068 3778 10606
