2934 4117
556 181 578 233 1.
597 177 622 234 Σ)
640 177 699 246 ἱϋῇι
716 177 831 246 meinati

184 369 288 414 rursus
310 370 397 415 amor
419 350 539 434 patriae
561 351 682 416 ratione
704 350 859 415 valentior
881 351 976 433 amni,

227 451 311 535 quod
331 459 386 518 tua
408 453 550 518 fecerunt
572 453 698 538 scripta,
722 454 838 518 retexit
859 474 946 538 opus.

182 556 251 621 sive
272 556 359 640 pium
380 555 430 623 vis
452 556 512 622 hcc
534 557 602 622 sive
624 557 683 622 hoc
705 556 857 623 muliebre
880 555 996 638 vacari,

201 666 204 671 ⁴
226 658 376 725 confiteor
396 659 511 724 misere
533 660 626 725 molle
649 680 702 724 cor
724 679 794 725 esse
817 659 902 725 mihi.

183 782 245 826 nnn
268 761 367 827 dubia
390 768 437 827 est
459 762 562 828 Ithaci
584 762 764 848 prudentia:
788 762 846 830 sed
868 769 973 829 tamen
996 768 1087 848 optat.

224 864 346 929 fumum
369 864 409 929 de
431 866 542 950 patriis
563 886 657 950 pesse
679 865 788 931 videre
811 866 898 933 iocis.

185 968 374 1050 nesciaque
397 968 503 1033 natale
524 969 624 1034 solum
646 968 814 1035 dulcedine
837 975 965 1035 cunctos
1006 1021 1008 1025 .

226 1070 312 1137 ducit
335 1076 367 1134 et
387 1071 585 1136 immemores
607 1091 670 1137 ncn
693 1071 769 1137 sinit
792 1091 861 1136 esse
884 1071 941 1137 sui.

185 1172 259 1255 quid
282 1173 392 1239 melius
413 1173 536 1239 Mina?
559 1173 708 1258 Scythico
731 1173 807 1256 quid
828 1173 947 1258 frigere
969 1173 1078 1259 peius?

229 1274 417 1341 luctamen
439 1296 481 1343 ex
502 1276 558 1343 illa
579 1278 732 1343 barbarus
754 1278 832 1342 urbe
855 1276 945 1361 fugit.

186 1399 255 1443 cnm
280 1380 361 1445 bene
383 1379 424 1444 sit
446 1381 572 1447 clausae
595 1400 693 1445 cavea
715 1379 879 1446 Pandione
901 1386 1005 1461 natae,

228 1482 337 1547 nititur
358 1482 392 1549 in
414 1483 511 1549 silvas
533 1484 588 1548 illa
609 1482 711 1549 redire
734 1503 817 1548 suas.

184 1585 331 1651 adsuetos
353 1587 433 1651 tauri
456 1587 562 1669 saltus,
585 1587 718 1653 adsueta
739 1588 848 1652 lennes
869 1623 912 1634 -
963 1599 971 1621 ·

228 1709 287 1754 nec
309 1688 418 1754 feritas
439 1690 510 1755 illos
532 1689 664 1775 impedit
686 1728 728 1737 —
751 1695 844 1754 antra
866 1695 987 1773 petunt.

186 1798 219 1855 lu
242 1797 349 1856 tamen
372 1791 477 1857 exsilii
498 1812 619 1858 morsus
643 1799 809 1877 spectare
832 1799 937 1857 nostro

228 1892 375 1958 fomentis
396 1913 505 1978 speras
527 1893 639 1960 cedere
661 1914 753 1979 posse
776 1895 846 1959 tuis.

187 1995 287 2076 effice,
310 2014 366 2060 vos
388 1996 449 2080 ipsi
471 2016 512 2062 nc
534 2003 599 2061 tam
621 1997 699 2062 mihi
721 1996 791 2063 sitis
813 1995 951 2078 amandi,

230 2098 345 2163 talibus
366 2104 402 2163 ut
422 2099 525 2167 levius
546 2100 587 2165 sit
610 2098 748 2165 caruisse
771 2100 901 2164 malum!

186 2207 229 2282 at,
252 2207 337 2284 putu,
360 2221 423 2284 qua
443 2201 570 2286 genitus
592 2201 723 2283 fueram,
748 2203 858 2267 tellure
881 2202 1001 2267 carenti

228 2304 263 2368 in
285 2310 392 2369 tamen
414 2304 551 2370 humano
575 2305 705 2389 contigit
728 2325 797 2370 esse
818 2305 908 2371 loeo?

186 2408 271 2473 orbis
292 2407 324 2472 in
348 2407 482 2473 extremi
504 2408 591 2474 iaceo
614 2408 756 2473 desertus
778 2408 914 2488 harenis,

229 2511 290 2576 fert
311 2510 366 2575 ubi
388 2518 556 2596 perpetuas
578 2511 690 2576 obruta
712 2517 796 2575 terra
817 2510 917 2576 nives.

186 2635 249 2680 non
271 2634 347 2698 ager
369 2613 422 2679 hic
444 2634 580 2699 pomum,
603 2634 667 2678 nen
691 2612 799 2679 dulces
822 2613 936 2678 educat
957 2633 1045 2694 uvas,

229 2737 292 2782 non
314 2718 427 2783 salices
448 2718 526 2802 ripa,
550 2718 663 2783 rubera
684 2723 790 2783 mente
813 2718 924 2782 virent.

187 2840 270 2886 neve
291 2820 406 2887 fretum
428 2820 538 2886 laudes
560 2827 643 2886 lema
665 2821 781 2905 magis:
806 2840 943 2902 aequora
965 2839 1089 2904 semper

229 2929 394 2989 ventorum
416 2925 503 2989 rabie
526 2924 643 2989 solibus
665 2923 743 2989 orba
765 2928 894 2988 tument.

188 3045 382 3108 quocumque
404 3026 571 3112 adspicias,
596 3026 699 3110 campi
723 3027 840 3091 cultore
863 3032 1006 3091 carentes

230 3134 392 3210 vastaque,
416 3148 496 3210 quae
519 3149 611 3193 neme
634 3128 784 3209 vindieat,
808 3148 887 3193 arva
908 3129 1021 3193 iacent.

187 3229 285 3295 hastis
306 3230 398 3295 adest
420 3229 532 3297 dextra
554 3232 708 3313 laevaque
730 3238 862 3315 aparte
885 3229 1054 3310 timendus

230 3330 397 3413 vicinoque
419 3339 505 3397 metu
527 3340 623 3398 terret
646 3340 811 3416 utrumque
834 3334 926 3398 latus.

187 3432 287 3498 altera
307 3434 466 3500 Bistonias
487 3455 561 3519 pars
584 3441 632 3500 est
653 3455 785 3501 sensura
807 3436 948 3517 sarissas,

230 3536 329 3600 altera
351 3537 526 3602 Sarmatica
548 3539 670 3623 spicula
692 3538 789 3603 missa
810 3559 915 3603 manu.

187 3637 199 3703 i
221 3657 304 3703 nunc
327 3645 359 3703 et
381 3645 522 3704 veterum
544 3641 635 3706 nobis
658 3642 806 3725 exempla
828 3641 976 3723 virorum,

231 3740 283 3822 qui
306 3740 379 3806 ferdi
402 3761 509 3808 casum
531 3749 636 3808 mente
659 3744 767 3826 tulere,
790 3743 887 3808 refer:

1019 3842 1064 3896 12*
