2934 4117
256 162 298 225 26
655 173 888 243 titetomcrpbnlen.

257 351 388 417 dextera
410 352 519 415 Naxos
543 355 623 414 erat:
646 349 760 413 dextra
781 348 857 412 mihi
880 348 978 411 lintea
1001 346 1089 410 danti

260 453 354 540 „quid
369 454 458 536 facis,
478 474 496 517 o
516 452 668 517 demens?
691 451 761 533 quis
776 456 808 515 te
822 450 988 515 suror-?“
1008 450 1110 531 inquit
1125 448 1283 533 Opheltes.

257 579 312 643 pro
336 578 370 623 se
392 558 523 639 quisque
545 557 642 620 timet.
668 555 812 641 „laevam
834 552 926 638 pete“
950 553 1090 617 maxima
1112 560 1190 617 nutu
1302 571 1350 617 115

257 682 330 745 pars
353 661 429 725 mihi
452 659 617 745 signifieat,
640 678 723 743 pars,
748 658 823 740 quid
845 658 930 738 velit,
954 677 1007 722 ore
1029 664 1176 721 susurrat.

258 766 393 849 obstipui
419 765 560 849 „capiat“
586 783 646 845 que
670 763 802 848 „aliquis
824 760 1058 826 moderamina“
1082 759 1150 823 dixi

152 948 154 952 .
258 888 370 950 meque
393 867 564 932 ministerio
587 866 776 947 scelerisque
798 865 936 946 artisque
958 864 1086 928 removi.

258 972 401 1054 inerepor
423 991 443 1034 a
466 970 595 1050 eunctis,
618 976 779 1050 totumque
800 969 1017 1032 immurmurat
1038 987 1163 1051 agmen.

260 1095 277 1139 o
299 1075 412 1156 quibus
434 1073 600 1138 Aethalion
626 1080 677 1155 „te
700 1072 819 1136 scilicet
841 1070 942 1136 omnis
963 1071 996 1135 in
1019 1090 1081 1134 uno

259 1184 366 1242 nostra
388 1177 472 1240 salus
495 1176 598 1259 posita
620 1175 702 1239 est!“
726 1174 771 1239 ait
794 1181 826 1238 ct
847 1174 931 1238 subit
952 1173 1021 1257 ipse
1042 1192 1208 1254 meumque

259 1281 365 1364 explet
387 1299 465 1361 opus
487 1279 643 1359 Naxoque
665 1278 744 1362 petit
766 1276 891 1341 diversa
912 1277 1029 1341 relicta.

259 1391 325 1449 tum
348 1383 425 1448 deus
447 1382 591 1461 illudens,
615 1388 775 1462 tamquam
797 1380 889 1445 modo
911 1379 1047 1461 denique
1069 1379 1223 1444 fraudem

259 1487 401 1566 senserit,
425 1505 442 1549 e
465 1485 563 1569 puppi
585 1490 714 1568 pontum
737 1490 916 1567 prospectat
936 1483 1061 1547 adunca

260 1596 291 1654 et
312 1588 399 1654 flenti
422 1588 531 1653 similis
555 1607 638 1672 „non
659 1586 740 1650 haec
762 1586 838 1651 milri
860 1586 961 1666 litora,
983 1591 1108 1667 nautae,

259 1692 464 1778 promisistis“
488 1692 542 1772 ait,
570 1711 653 1774 „non
675 1690 755 1754 haec
776 1690 854 1754 mihi
876 1697 959 1754 terra
980 1695 1090 1772 rogata
1111 1696 1167 1754 est.

260 1816 320 1878 quo
343 1795 442 1859 merui
463 1814 597 1878 poenam
620 1794 725 1858 facto?
749 1812 829 1875 quae
850 1793 951 1876 gloria
972 1799 1077 1857 vestra
1099 1799 1155 1874 est,

259 1899 287 1964 si
308 1918 439 1983 puerum
460 1898 601 1977 iuvenes,
625 1896 651 1961 si
674 1895 764 1959 multi
786 1895 895 1960 fallitis
917 1895 1054 1960 unum‘?“

259 1999 441 2066 iamdudum
463 1999 593 2065 flebam:
616 1998 762 2064 lacrimas
783 2019 896 2064 manus
916 1999 1014 2083 impia
1036 2005 1157 2064 nostras

259 2104 341 2169 ridet
363 2110 394 2169 et
416 2103 549 2187 impellit
570 2101 811 2187 properantibus
832 2122 969 2184 aequora
990 2102 1093 2168 remis.

260 2228 316 2292 per
338 2200 394 2273 tibi
417 2226 501 2270 nunc
523 2206 627 2289 ipsum
649 2243 691 2252 -
713 2224 773 2269 nee
796 2205 879 2270 enim
901 2206 1094 2289 praesentior
1115 2205 1167 2269 illo

261 2317 308 2376 est
331 2310 408 2376 deus
430 2348 472 2356 —
494 2308 605 2375 adiuro
627 2315 691 2372 tam
713 2329 766 2374 me
787 2308 845 2373 tibi
867 2329 943 2373 vera
963 2310 1089 2389 referre,

261 2435 354 2496 quam
377 2413 444 2477 veri
467 2412 586 2478 maiora
607 2411 680 2477 fide.
705 2413 792 2488 stetit
813 2417 949 2495 aequore
971 2414 1085 2497 puppis

260 2517 344 2581 haud
366 2516 467 2596 aliter,
490 2535 584 2597 quam
607 2515 634 2580 si
656 2515 774 2580 siccum
795 2515 910 2580 navale
932 2522 1061 2581 teneret.

261 2620 305 2684 illi
327 2618 519 2684 admirantes
540 2637 695 2682 remorum
716 2617 750 2682 in
773 2618 903 2683 verbere
925 2624 1066 2702 perstant

261 2724 394 2805 velaque
417 2720 576 2787 deducunt
597 2722 786 2804 geminaque
808 2742 867 2806 ope
890 2742 1012 2787 currere
1034 2728 1197 2806 temptant

261 2825 437 2910 impediunt
459 2824 596 2890 hederae
618 2844 720 2889 remos
743 2844 890 2906 nexuque
912 2846 1042 2891 recuruo

262 2935 391 3013 serpunt
413 2934 444 2992 et
464 2927 605 3012 gravidis
627 2927 825 3010 distinguunt
847 2930 919 2994 vela
940 2930 1106 3012 corymbis.

261 3034 330 3116 ipse
351 3031 545 3096 racemiferis
567 3030 702 3095 frontem
726 3031 935 3097 circumdatus
957 3033 1028 3097 uvis

262 3135 439 3221 pampineis
461 3136 563 3218 agitat
584 3135 721 3199 velatam
744 3134 908 3199 frondibus
931 3135 1069 3220 hastam3

263 3258 355 3320 quem
379 3238 462 3302 eirea
483 3238 579 3322 tigres
601 3236 830 3320 simulacraque
851 3238 959 3302 inania
980 3240 1108 3322 lyncum

263 3341 477 3424 pictarumque
497 3341 603 3404 iacent
625 3340 693 3405 fera
715 3360 845 3424 corpora
857 3341 1096 3425 pantherarum.

264 3443 418 3508 exsiluere
440 3443 509 3523 viri,
532 3443 600 3508 sive
622 3441 682 3507 hoc
702 3443 828 3507 insania
849 3443 933 3524 fecit,

263 3546 331 3611 sive
353 3545 452 3625 timor,
475 3545 656 3629 primusque
677 3544 792 3611 Medon
814 3547 992 3630 nigrescere
1015 3548 1117 3632 coepit

265 3667 393 3730 corpore
415 3654 446 3711 et
470 3667 619 3732 expresso
643 3648 753 3732 spinae
775 3650 956 3714 curvamine
978 3650 1070 3715 flecti.

264 3750 374 3833 incipit
396 3748 469 3814 huic
490 3750 652 3835 Lycabas:
677 3751 730 3836 „iu
754 3772 835 3836 quae
857 3753 1026 3818 miracula“
1051 3752 1133 3818 dixit
