2934 4117
262 145 322 208 156
527 126 534 139 ’
591 159 956 229 111111111111111.

259 333 399 398 carmina
420 338 556 399 mutatas
578 331 740 397 hominum
763 330 902 397 dicentia
922 332 1048 414 formas,

301 435 414 502 infelix
437 435 555 502 demini
579 435 662 519 quod
684 435 762 518 fuga
782 433 866 519 rupit
890 455 976 519 opus.

259 539 338 605 baec
360 560 420 623 ege
442 537 618 620 discedens,
642 539 722 604 sicut
744 539 826 604 bene
849 540 947 602 multa
969 558 1118 620 meorum,

301 643 371 727 ipse
391 663 464 708 mea
484 643 575 727 posui
598 648 736 707 maestus
758 641 791 705 in
813 642 888 726 igne
909 662 1014 707 manu.

259 752 356 829 utque
378 765 534 811 cremasse
556 765 646 810 suum
668 744 768 810 fertur
789 745 847 810 sub
870 744 977 828 stipite
999 750 1107 810 natum

302 848 448 914 Thestias
471 855 502 914 et
524 849 633 915 melier
655 854 756 913 matre
777 847 876 914 fuisse
898 867 994 930 seror,

259 952 305 1017 sic
327 971 386 1036 ego
408 972 471 1018 nen
493 952 620 1019 meritus
642 973 765 1018 mecum
787 951 926 1037 peritura
947 950 1069 1018 libellos

301 1056 436 1140 imposui
459 1054 577 1141 rapidis
598 1056 721 1121 viscera
743 1060 851 1121 nostra
872 1054 971 1143 rogis:

184 1200 190 1216 ·
259 1160 310 1225 vel
333 1158 416 1241 quud
439 1179 525 1224 eram
546 1160 662 1240 Musas,
685 1165 720 1224 ut
743 1158 874 1223 crimina
896 1164 1012 1240 nostra,
1035 1178 1174 1243 perosus,

302 1262 354 1328 rel
376 1262 460 1345 quud
482 1261 586 1328 adhue
608 1281 753 1328 crescens
776 1268 808 1327 11
829 1261 907 1328 rude
930 1281 1056 1327 carmen
1079 1269 1155 1328 erat.

259 1384 341 1448 quae
363 1365 510 1448 quoniam
532 1386 596 1431 non
618 1371 691 1431 sunt
712 1365 838 1449 penitus
861 1366 995 1447 sublata,
1018 1364 1075 1431 sed
1094 1371 1230 1447 exstant,
1249 1406 1288 1413 --

302 1468 443 1552 pluribus
465 1468 620 1553 exemplis
642 1468 760 1552 scripta
781 1467 879 1535 fuisse
902 1488 971 1534 reor
992 1507 1033 1516 -

259 1591 344 1637 nunc
364 1591 484 1656 precor,
507 1578 542 1636 ut
564 1572 675 1638 vivant
697 1576 729 1636 et
751 1590 814 1636 non
836 1571 954 1655 ignava
975 1571 1134 1657 legentem

302 1674 366 1740 otia
388 1673 544 1740 delectent
565 1674 820 1756 admoneantque
841 1674 913 1740 mei.

260 1798 319 1844 nee
341 1785 447 1843 tamen
468 1779 523 1843 illa
543 1778 608 1862 legi
629 1784 777 1863 poterunt
798 1777 955 1863 patienter
976 1779 1016 1844 ab
1039 1778 1112 1862 ullo,

302 1881 423 1947 nesciet
444 1881 496 1946 bic
518 1901 672 1947 summam
694 1882 793 1964 siquis
815 1882 927 1947 abesse
949 1902 1085 1946 manum.

259 1984 400 2050 ablatum
423 1983 535 2050 mediis
557 2004 636 2069 epus
659 1990 707 2050 est
727 1984 895 2051 incudibus
916 1984 1003 2065 illud,

302 2087 403 2153 defuit
425 2094 457 2153 et
478 2087 603 2173 scriptis
624 2087 734 2152 ultima
755 2088 831 2152 lima
851 2088 938 2153 meis.

260 2197 292 2257 et
313 2191 440 2256 veniam
462 2211 520 2275 pro
542 2189 635 2257 laude
656 2197 745 2276 petc;
768 2190 913 2256 laudatus
934 2190 1072 2274 abunde,

303 2314 367 2359 nen
388 2293 547 2360 fastiditus
569 2294 596 2359 si
618 2294 687 2377 tibi,
710 2295 816 2376 lector,
840 2314 901 2360 ero.

260 2397 317 2464 hes
340 2416 464 2481 queque
486 2417 545 2463 sex
566 2417 686 2479 versus,
709 2398 743 2462 in
765 2397 867 2483 prima
888 2397 991 2464 fronte
1012 2398 1109 2465 libelii

303 2501 330 2566 si
351 2499 591 2585 praeponendos
614 2521 683 2567 esse
705 2501 842 2585 putabis,
865 2500 962 2566 habe:

261 2604 348 2670 ‘orba
370 2612 501 2689 parente
523 2625 579 2671 suo
602 2605 790 2688 quicumque
812 2605 973 2670 volumina
994 2605 1109 2689 tangis,

242 2766 249 2780 ,
302 2708 352 2774 bis
374 2709 486 2774 saltem
507 2714 614 2774 vestra
636 2707 727 2773 detur
748 2709 781 2773 in
803 2709 882 2774 urbe
903 2709 1003 2773 locus!

260 2832 384 2896 quoque
405 2812 508 2898 magis
530 2811 650 2894 faveas,
673 2812 754 2878 haec
774 2832 838 2878 nen
861 2818 934 2878 sunt
956 2811 1042 2878 edita
1063 2813 1103 2877 ab
1126 2812 1205 2897 ipse,

303 2915 360 2982 sed
382 2915 473 2999 quasi
495 2914 535 2980 de
558 2915 677 2981 domini
698 2915 809 2981 funere
831 2922 922 3000 rapta
944 2915 1001 2982 sui.

260 3019 409 3103 quicquid
432 3019 465 3084 in
488 3018 538 3085 his
559 3019 655 3104 igitur
676 3020 747 3085 uitii
767 3019 846 3086 rude
868 3040 995 3085 carmen
1017 3019 1156 3102 babebit,

304 3121 535 3204 emendaturus
559 3122 586 3188 si
607 3122 756 3205 licuisset,
780 3127 886 3189 eram'

588 3303 620 3373 3.
641 3306 802 3389 31111111
822 3306 961 3374 istam.

260 3431 366 3515 Siquis
386 3431 491 3497 adhuc
511 3430 583 3498 istic
605 3432 749 3497 meminit
769 3432 906 3499 Nasonis
928 3432 1066 3517 adempti

304 3541 336 3598 et
358 3540 500 3618 superest
522 3534 589 3600 sine
612 3555 662 3601 me
684 3555 799 3600 nomen
821 3535 855 3601 in
877 3536 954 3602 urbe
976 3556 1091 3617 meum,

261 3636 457 3719 suppositum
479 3637 578 3702 stellis
599 3657 761 3721 nunquam
783 3638 987 3723 tangentibus
1008 3659 1125 3723 aequor

305 3757 356 3802 em
378 3737 458 3802 sciat
478 3738 512 3803 in
533 3738 638 3804 media
659 3742 767 3807 vivere
788 3742 942 3808 barbarie.
