2934 4117
482 212 484 215 Ι
527 135 551 188 2.
570 131 669 199 Dreltet
687 132 740 187 aab
757 131 877 211 llplcbcs.

190 307 368 392 praefuerat
390 304 507 389 templo
529 303 643 369 multos
664 323 704 369 ea
725 304 784 369 rite
806 324 863 388 per
884 323 984 370 annos

231 409 331 475 invita
351 427 508 493 peragens
529 407 631 472 tristia
653 427 744 472 sacra
766 427 875 471 manu:

189 533 260 578 cnm
282 510 344 577 duc
366 511 497 577 velifera
517 511 650 576 iuvenes
670 530 788 576 venere
811 511 918 575 carina

232 621 474 701 presseruntque
496 633 552 679 suo
574 613 666 679 litora
688 621 795 678 nostra
816 612 907 698 pede.

188 718 326 804 perluit
347 718 397 784 his
418 723 507 784 aetas
529 723 561 782 et
582 737 679 782 amor.
703 736 832 799 quorum
855 717 934 782 alter
957 716 1093 800 Orestes,

231 828 281 888 ast
301 820 441 906 Pylades
462 820 543 886 alter
565 857 605 868 -
628 819 758 885 nomina
779 819 865 884 fama
887 827 974 886 tenet
996 859 1039 868 —-

188 926 330 1010 protinus
351 924 503 989 immitem
524 922 651 988 Triviae
674 922 830 987 ducuntur
850 921 892 987 ad
915 943 1012 1005 aram,

232 1027 349 1093 evincti
370 1026 514 1111 geminas
535 1024 577 1090 ad
600 1045 657 1091 sua
679 1032 770 1110 terga
792 1045 912 1092 manus.

189 1130 310 1215 spargit
331 1150 413 1213 aqua
436 1136 544 1213 captos
566 1129 686 1194 lustrali
710 1129 806 1195 Graia
828 1128 983 1211 sacerdes,

231 1233 342 1298 ambiit
363 1239 399 1298 ut
420 1233 524 1299 fulvas
546 1232 647 1297 infula
668 1232 764 1316 longa
787 1252 900 1297 comas.

189 1334 327 1419 dumque
347 1342 439 1421 parat
460 1355 593 1415 sacrum,
617 1333 692 1399 durn
714 1335 801 1400 velat
822 1341 964 1420 tempora
986 1336 1083 1418 vittis,

232 1437 307 1504 durn
329 1437 438 1504 tardae
460 1458 572 1505 causas
593 1436 716 1504 invenit
737 1438 808 1523 ipsa
830 1457 946 1520 merae,

189 1545 271 1608 “non
294 1562 353 1628 ego
375 1541 518 1624 crudelis,
540 1541 681 1607 iuvenes.
704 1540 893 1625 ignescitel”
917 1540 1008 1624 dixit,

232 1649 342 1712 “sacra
363 1666 419 1712 suo
440 1645 523 1711 facio
545 1644 729 1711 barbariora
750 1644 836 1710 lucc:

189 1750 265 1814 ritus
287 1750 314 1815 is
336 1755 385 1815 est
405 1749 519 1833 gentis.
542 1768 605 1832 qua
626 1768 684 1814 vos
706 1753 813 1813 tamen
835 1747 913 1813 urbe
935 1747 1072 1814 venitis?

232 1850 356 1934 quodve
378 1872 488 1936 parum
510 1851 615 1916 fausta
635 1870 743 1935 puppe
764 1850 888 1935 petistis
910 1850 1012 1917 iter?''

190 1953 270 2018 dixit
292 1960 324 2020 et
345 1953 453 2020 audite
474 1955 596 2038 patriae
618 1953 672 2039 pia
693 1954 821 2019 nomine
842 1954 932 2038 virgo

233 2063 390 2123 curreutes
412 2057 499 2123 urbis
521 2057 672 2141 comperit
694 2076 763 2122 esse
786 2077 871 2123 suae.

190 2160 359 2226 “alteruter
379 2159 480 2226 votis’
501 2159 605 2243 inquit
627 2160 742 2225 “cadat
764 2159 867 2226 hostia
888 2160 996 2244 sacris,

231 2263 274 2330 ad
295 2263 415 2349 patrias
437 2262 531 2330 sedes
552 2264 682 2330 nuntius
703 2266 782 2331 alter
804 2267 886 2330 eat.”

188 2369 234 2433 ire
255 2368 343 2434 iubet
363 2366 502 2452 Pylades
525 2388 632 2432 carum
653 2368 810 2453 periturus
833 2367 977 2450 Oresten,

230 2472 284 2537 hic
305 2478 411 2557 negat,
433 2471 529 2555 inque
551 2471 639 2537 vices
660 2477 782 2556 pugnat
803 2477 936 2554 uterque
958 2471 1044 2536 mori.

189 2576 310 2642 exstitit
331 2575 391 2641 hoe
412 2596 520 2657 unum,
544 2595 605 2658 quo
627 2595 690 2641 non
713 2575 897 2641 convenerit
917 2574 990 2656 illis,

232 2687 336 2747 cetera
357 2699 415 2765 par
438 2699 566 2746 concers
589 2685 620 2744 et
643 2679 711 2745 sine
732 2679 788 2745 lite
811 2678 879 2744 fuit.

189 2783 263 2849 dnm
284 2787 442 2868 peragunt
463 2783 596 2848 iuvenes
618 2782 741 2867 pulchri
764 2788 924 2848 certarnen
947 2781 1071 2864 amoris,

223 2885 273 2973 'ad
294 2885 424 2951 fratrem
446 2885 580 2971 scriptas
602 2891 713 2951 exarat
734 2884 790 2950 illa
811 2892 911 2951 notas.

189 2988 231 3055 ad
251 2989 380 3055 stabam
402 2987 553 3055 mandata
575 2988 685 3054 dabat:
710 2990 823 3072 cuique
845 2988 900 3054 illa
922 2988 1087 3072 dabantur,
1112 3024 1152 3037 -

231 3091 386 3158 humanos
408 3112 500 3159 casus
521 3091 664 3177 adspice!
690 3130 727 3140 -
752 3092 850 3158 frater
871 3098 947 3158 erat.

189 3215 249 3261 nec
269 3214 371 3261 mera:
394 3193 435 3260 de
456 3195 573 3280 templo
595 3195 722 3279 rapiunt
745 3195 913 3261 simulacra
934 3194 1058 3261 Dianae

232 3299 376 3381 clamque
397 3318 454 3383 per
474 3299 645 3365 immensas
667 3319 774 3384 puppe
795 3297 938 3364 feruntur
959 3318 1067 3381 aquas.

190 3402 287 3468 mirus
308 3421 398 3468 amor
417 3401 577 3485 iuvenum,
601 3403 746 3486 quamvis
767 3402 875 3468 abiere
896 3408 943 3468 tot
964 3402 1050 3483 anni,

232 3505 265 3570 in
288 3504 421 3589 Scythia
441 3525 592 3589 magnum
613 3525 700 3571 nunc
722 3525 846 3589 quoqne
868 3524 983 3570 nornen
1005 3502 1120 3569 habet’

190 3608 298 3673 fabula
319 3613 447 3674 narrata
468 3613 516 3673 est
536 3613 703 3693 postquam
725 3607 866 3692 vulgaris
887 3609 928 3674 ab
951 3606 1014 3688 illo,

232 3711 401 3777 laudarunt
423 3729 531 3776 ornnes
553 3710 640 3776 facta
661 3710 810 3795 piamque
832 3708 936 3774 fidem.
