<?xml version="1.0" encoding="UTF-8"?>
<!DOCTYPE html PUBLIC "-//W3C//DTD XHTML 1.0 Transitional//EN"
    "http://www.w3.org/TR/xhtml1/DTD/xhtml1-transitional.dtd">
<html xmlns="http://www.w3.org/1999/xhtml" xml:lang="en" lang="en">
 <head>
  <title>
</title>
<meta http-equiv="Content-Type" content="text/html;charset=utf-8" />
  <meta name='ocr-system' content='tesseract 3.04.00' />
  <meta name='ocr-capabilities' content='ocr_page ocr_carea ocr_par ocr_line ocrx_word'/>
</head>
<body>
  <div class='ocr_page' id='page_1' title='image "ausgewhltegedic00sedlgoog_0063.png"; bbox 0 0 2934 4117; ppageno 0'>
   <div class='ocr_carea' id='block_1_1' title="bbox 465 154 1204 238">
    <p class='ocr_par' dir='ltr' id='par_1_1' title="bbox 465 154 1204 238">
     <span class='ocr_line' id='line_1_1' title="bbox 465 154 1204 238; baseline 0.003 -15"><span class='ocrx_word' id='word_1_1' title='bbox 465 169 505 224; x_wconf 78' lang='lat'>12.</span> <span class='ocrx_word' id='word_1_2' title='bbox 529 166 584 223; x_wconf 62' lang='lat' dir='ltr'>het</span> <span class='ocrx_word' id='word_1_3' title='bbox 601 167 680 225; x_wconf 77' lang='lat' dir='ltr'>hloub</span> <span class='ocrx_word' id='word_1_4' title='bbox 698 168 741 223; x_wconf 81' lang='lat' dir='ltr'>bct</span> <span class='ocrx_word' id='word_1_5' title='bbox 758 168 920 238; x_wconf 52' lang='lat' dir='ltr'>&amp;victutum</span> <span class='ocrx_word' id='word_1_6' title='bbox 1163 154 1204 217; x_wconf 77' lang='grc'>37</span> 
     </span>
    </p>
   </div>
   <div class='ocr_carea' id='block_1_2' title="bbox 177 339 1114 2068">
    <p class='ocr_par' dir='ltr' id='par_1_2' title="bbox 178 339 883 425">
     <span class='ocr_line' id='line_1_2' title="bbox 178 339 883 425; baseline 0.001 -19"><span class='ocrx_word' id='word_1_7' title='bbox 178 341 298 423; x_wconf 87' lang='lat' dir='ltr'>scisset,</span> <span class='ocrx_word' id='word_1_8' title='bbox 322 339 481 406; x_wconf 89' lang='lat' dir='ltr'>inornatos</span> <span class='ocrx_word' id='word_1_9' title='bbox 502 340 634 406; x_wconf 89' lang='lat' dir='ltr'>laniavit</span> <span class='ocrx_word' id='word_1_10' title='bbox 656 339 731 407; x_wconf 88' lang='lat' dir='ltr'>diva</span> <span class='ocrx_word' id='word_1_11' title='bbox 754 341 883 425; x_wconf 79' lang='lat' dir='ltr'>capillos</span> 
     </span>
    </p>

    <p class='ocr_par' dir='ltr' id='par_1_3' title="bbox 178 442 920 530">
     <span class='ocr_line' id='line_1_3' title="bbox 178 442 920 530; baseline -0.001 -20"><span class='ocrx_word' id='word_1_12' title='bbox 178 449 210 510; x_wconf 92' lang='lat' dir='ltr'>et</span> <span class='ocrx_word' id='word_1_13' title='bbox 231 443 366 528; x_wconf 88' lang='lat' dir='ltr'>repetita</span> <span class='ocrx_word' id='word_1_14' title='bbox 387 444 452 510; x_wconf 90' lang='lat' dir='ltr'>suis</span> <span class='ocrx_word' id='word_1_15' title='bbox 473 442 628 528; x_wconf 79' lang='lat' dir='ltr'><strong>percussit</strong></span> <span class='ocrx_word' id='word_1_16' title='bbox 648 450 777 530; x_wconf 89' lang='lat' dir='ltr'>pectora</span> <span class='ocrx_word' id='word_1_17' title='bbox 797 444 920 529; x_wconf 90' lang='lat' dir='ltr'>palmis.</span> 
     </span>
    </p>

    <p class='ocr_par' dir='ltr' id='par_1_4' title="bbox 177 545 1114 940">
     <span class='ocr_line' id='line_1_4' title="bbox 177 545 1114 632; baseline 0.003 -20"><span class='ocrx_word' id='word_1_18' title='bbox 177 546 279 612; x_wconf 88' lang='lat' dir='ltr'>nescit</span> <span class='ocrx_word' id='word_1_19' title='bbox 300 545 413 629; x_wconf 87' lang='lat' dir='ltr'>adhuc,</span> <span class='ocrx_word' id='word_1_20' title='bbox 436 546 491 611; x_wconf 90' lang='lat' dir='ltr'>ubi</span> <span class='ocrx_word' id='word_1_21' title='bbox 513 546 569 631; x_wconf 87' lang='lat' dir='ltr'>sit;</span> <span class='ocrx_word' id='word_1_22' title='bbox 592 553 692 612; x_wconf 88' lang='lat' dir='ltr'>terras</span> <span class='ocrx_word' id='word_1_23' title='bbox 713 554 819 612; x_wconf 90' lang='lat' dir='ltr'>tamen</span> <span class='ocrx_word' id='word_1_24' title='bbox 840 547 983 632; x_wconf 88' lang='lat' dir='ltr'>increpat</span> <span class='ocrx_word' id='word_1_25' title='bbox 1005 568 1114 615; x_wconf 90' lang='lat' dir='ltr'>omnes</span> 
     </span>
     <span class='ocr_line' id='line_1_5' title="bbox 177 650 1018 735; baseline 0.004 -22"><span class='ocrx_word' id='word_1_26' title='bbox 177 650 380 735; x_wconf 87' lang='lat' dir='ltr'>ingratasque</span> <span class='ocrx_word' id='word_1_27' title='bbox 402 655 495 715; x_wconf 85' lang='lat' dir='ltr'>vocat</span> <span class='ocrx_word' id='word_1_28' title='bbox 517 669 576 717; x_wconf 91' lang='lat' dir='ltr'>nec</span> <span class='ocrx_word' id='word_1_29' title='bbox 597 650 723 734; x_wconf 82' lang='lat' dir='ltr'>frugum</span> <span class='ocrx_word' id='word_1_30' title='bbox 745 670 875 717; x_wconf 90' lang='lat' dir='ltr'>munere</span> <span class='ocrx_word' id='word_1_31' title='bbox 895 650 1018 735; x_wconf 90' lang='lat' dir='ltr'>dignas,</span> 
     </span>
     <span class='ocr_line' id='line_1_6' title="bbox 177 752 1004 837; baseline 0.002 -21"><span class='ocrx_word' id='word_1_32' title='bbox 177 752 372 817; x_wconf 76' lang='lat' dir='ltr'>Trinacriam</span> <span class='ocrx_word' id='word_1_33' title='bbox 394 759 468 818; x_wconf 91' lang='lat' dir='ltr'>ante</span> <span class='ocrx_word' id='word_1_34' title='bbox 489 752 577 834; x_wconf 85' lang='lat' dir='ltr'>alias,</span> <span class='ocrx_word' id='word_1_35' title='bbox 600 753 633 818; x_wconf 90' lang='lat' dir='ltr'>in</span> <span class='ocrx_word' id='word_1_36' title='bbox 656 773 719 835; x_wconf 90' lang='lat' dir='ltr'>qua</span> <span class='ocrx_word' id='word_1_37' title='bbox 741 753 875 837; x_wconf 85' lang='lat' dir='ltr'>vestigia</span> <span class='ocrx_word' id='word_1_38' title='bbox 896 753 1004 818; x_wconf 90' lang='lat' dir='ltr'>damni</span> 
     </span>
     <span class='ocr_line' id='line_1_7' title="bbox 178 854 954 940; baseline 0.005 -21"><span class='ocrx_word' id='word_1_39' title='bbox 178 855 323 940; x_wconf 90' lang='lat' dir='ltr'>repperit.</span> <span class='ocrx_word' id='word_1_40' title='bbox 347 875 421 939; x_wconf 93' lang='lat' dir='ltr'>ergo</span> <span class='ocrx_word' id='word_1_41' title='bbox 443 854 508 921; x_wconf 91' lang='lat' dir='ltr'>illic</span> <span class='ocrx_word' id='word_1_42' title='bbox 529 876 625 922; x_wconf 87' lang='lat' dir='ltr'>saeva</span> <span class='ocrx_word' id='word_1_43' title='bbox 647 858 804 922; x_wconf 87' lang='lat' dir='ltr'>vertentia</span> <span class='ocrx_word' id='word_1_44' title='bbox 824 857 954 940; x_wconf 88' lang='lat' dir='ltr'>glaebas</span> 
     </span>
    </p>

    <p class='ocr_par' dir='ltr' id='par_1_5' title="bbox 177 958 975 1354">
     <span class='ocr_line' id='line_1_8' title="bbox 178 958 943 1043; baseline 0.005 -21"><span class='ocrx_word' id='word_1_45' title='bbox 178 958 273 1041; x_wconf 83' lang='lat' dir='ltr'>fregit</span> <span class='ocrx_word' id='word_1_46' title='bbox 296 965 402 1024; x_wconf 88' lang='lat' dir='ltr'>aratra</span> <span class='ocrx_word' id='word_1_47' title='bbox 422 979 519 1024; x_wconf 90' lang='lat' dir='ltr'>manu</span> <span class='ocrx_word' id='word_1_48' title='bbox 540 960 694 1043; x_wconf 89' lang='lat' dir='ltr'>parilique</span> <span class='ocrx_word' id='word_1_49' title='bbox 715 960 797 1026; x_wconf 90' lang='lat' dir='ltr'>irata</span> <span class='ocrx_word' id='word_1_50' title='bbox 819 961 943 1026; x_wconf 87' lang='lat' dir='ltr'>colonos</span> 
     </span>
     <span class='ocr_line' id='line_1_9' title="bbox 177 1062 975 1146; baseline 0.001 -19"><span class='ocrx_word' id='word_1_51' title='bbox 177 1062 389 1145; x_wconf 78' lang='lat' dir='ltr'>ruricolasque</span> <span class='ocrx_word' id='word_1_52' title='bbox 410 1063 510 1128; x_wconf 91' lang='lat' dir='ltr'>boves</span> <span class='ocrx_word' id='word_1_53' title='bbox 530 1063 593 1130; x_wconf 92' lang='lat' dir='ltr'>leto</span> <span class='ocrx_word' id='word_1_54' title='bbox 617 1062 704 1129; x_wconf 93' lang='lat' dir='ltr'>dedit</span> <span class='ocrx_word' id='word_1_55' title='bbox 724 1083 864 1146; x_wconf 86' lang='lat' dir='ltr'>arvaque</span> <span class='ocrx_word' id='word_1_56' title='bbox 885 1064 975 1130; x_wconf 89' lang='lat' dir='ltr'>iussit</span> 
     </span>
     <span class='ocr_line' id='line_1_10' title="bbox 178 1164 932 1249; baseline 0.001 -20"><span class='ocrx_word' id='word_1_57' title='bbox 178 1164 287 1230; x_wconf 86' lang='lat' dir='ltr'>fallere</span> <span class='ocrx_word' id='word_1_58' title='bbox 310 1164 485 1249; x_wconf 87' lang='lat' dir='ltr'>depositum</span> <span class='ocrx_word' id='word_1_59' title='bbox 507 1165 681 1249; x_wconf 86' lang='lat' dir='ltr'>vitiataque</span> <span class='ocrx_word' id='word_1_60' title='bbox 704 1167 826 1231; x_wconf 91' lang='lat' dir='ltr'>semina</span> <span class='ocrx_word' id='word_1_61' title='bbox 848 1166 932 1231; x_wconf 87' lang='lat' dir='ltr'>fecit.</span> 
     </span>
     <span class='ocr_line' id='line_1_11' title="bbox 178 1267 924 1354; baseline 0.003 -22"><span class='ocrx_word' id='word_1_62' title='bbox 178 1267 323 1333; x_wconf 77' lang='lat' dir='ltr'>fertilitas</span> <span class='ocrx_word' id='word_1_63' title='bbox 344 1274 446 1333; x_wconf 90' lang='lat' dir='ltr'>terrae</span> <span class='ocrx_word' id='word_1_64' title='bbox 467 1268 566 1334; x_wconf 89' lang='lat' dir='ltr'>latum</span> <span class='ocrx_word' id='word_1_65' title='bbox 587 1270 719 1353; x_wconf 82' lang='lat' dir='ltr'>vulgata</span> <span class='ocrx_word' id='word_1_66' title='bbox 739 1289 796 1354; x_wconf 91' lang='lat' dir='ltr'>per</span> <span class='ocrx_word' id='word_1_67' title='bbox 817 1271 924 1335; x_wconf 92' lang='lat' dir='ltr'>orbem</span> 
     </span>
    </p>

    <p class='ocr_par' dir='ltr' id='par_1_6' title="bbox 177 1369 1076 1868">
     <span class='ocr_line' id='line_1_12' title="bbox 179 1369 1046 1455; baseline 0.005 -22"><span class='ocrx_word' id='word_1_68' title='bbox 179 1369 265 1435; x_wconf 87' lang='lat' dir='ltr'>fessa</span> <span class='ocrx_word' id='word_1_69' title='bbox 285 1369 382 1435; x_wconf 86' lang='lat' dir='ltr'>iacet:</span> <span class='ocrx_word' id='word_1_70' title='bbox 404 1369 514 1455; x_wconf 91' lang='lat' dir='ltr'>primis</span> <span class='ocrx_word' id='word_1_71' title='bbox 536 1375 660 1455; x_wconf 77' lang='lat' dir='ltr'>segetes</span> <span class='ocrx_word' id='word_1_72' title='bbox 681 1372 855 1437; x_wconf 85' lang='lat' dir='ltr'>moriuntur</span> <span class='ocrx_word' id='word_1_73' title='bbox 876 1371 909 1436; x_wconf 92' lang='lat' dir='ltr'>in</span> <span class='ocrx_word' id='word_1_74' title='bbox 932 1370 1046 1453; x_wconf 84' lang='lat' dir='ltr'>herbis,</span> 
     </span>
     <span class='ocr_line' id='line_1_13' title="bbox 178 1470 1076 1559; baseline 0.003 -23"><span class='ocrx_word' id='word_1_75' title='bbox 178 1478 210 1536; x_wconf 88' lang='lat' dir='ltr'>et</span> <span class='ocrx_word' id='word_1_76' title='bbox 231 1470 324 1539; x_wconf 92' lang='lat' dir='ltr'>modo</span> <span class='ocrx_word' id='word_1_77' title='bbox 347 1472 393 1538; x_wconf 88' lang='lat' dir='ltr'>sol</span> <span class='ocrx_word' id='word_1_78' title='bbox 414 1473 539 1556; x_wconf 85' lang='lat' dir='ltr'>nimius,</span> <span class='ocrx_word' id='word_1_79' title='bbox 562 1473 679 1540; x_wconf 90' lang='lat' dir='ltr'>nimius</span> <span class='ocrx_word' id='word_1_80' title='bbox 700 1474 793 1539; x_wconf 94' lang='lat' dir='ltr'>modo</span> <span class='ocrx_word' id='word_1_81' title='bbox 816 1475 942 1559; x_wconf 83' lang='lat' dir='ltr'>corripit</span> <span class='ocrx_word' id='word_1_82' title='bbox 962 1475 1076 1558; x_wconf 79' lang='lat' dir='ltr'>imber3</span> 
     </span>
     <span class='ocr_line' id='line_1_14' title="bbox 177 1573 1022 1661; baseline 0.005 -23"><span class='ocrx_word' id='word_1_83' title='bbox 177 1573 343 1657; x_wconf 86' lang='lat' dir='ltr'>sideraque</span> <span class='ocrx_word' id='word_1_84' title='bbox 365 1575 515 1658; x_wconf 88' lang='lat' dir='ltr'>ventique</span> <span class='ocrx_word' id='word_1_85' title='bbox 537 1581 661 1657; x_wconf 82' lang='lat' dir='ltr'>nocent,</span> <span class='ocrx_word' id='word_1_86' title='bbox 683 1576 860 1661; x_wconf 88' lang='lat' dir='ltr'>avidaeque</span> <span class='ocrx_word' id='word_1_87' title='bbox 882 1578 1022 1643; x_wconf 88' lang='lat' dir='ltr'>volucres</span> 
     </span>
     <span class='ocr_line' id='line_1_15' title="bbox 178 1677 1030 1765; baseline 0.002 -22"><span class='ocrx_word' id='word_1_88' title='bbox 178 1678 300 1744; x_wconf 89' lang='lat' dir='ltr'>semina</span> <span class='ocrx_word' id='word_1_89' title='bbox 321 1677 405 1743; x_wconf 88' lang='lat' dir='ltr'>iacta</span> <span class='ocrx_word' id='word_1_90' title='bbox 426 1679 552 1764; x_wconf 82' lang='lat' dir='ltr'>legunt;</span> <span class='ocrx_word' id='word_1_91' title='bbox 574 1679 680 1745; x_wconf 89' lang='lat' dir='ltr'>lolium</span> <span class='ocrx_word' id='word_1_92' title='bbox 702 1680 871 1763; x_wconf 86' lang='lat' dir='ltr'>tribulique</span> <span class='ocrx_word' id='word_1_93' title='bbox 893 1680 1030 1765; x_wconf 85' lang='lat' dir='ltr'>fatigant</span> 
     </span>
     <span class='ocr_line' id='line_1_16' title="bbox 178 1780 944 1868; baseline 0.005 -23"><span class='ocrx_word' id='word_1_94' title='bbox 178 1780 316 1847; x_wconf 91' lang='lat' dir='ltr'>triticeas</span> <span class='ocrx_word' id='word_1_95' title='bbox 337 1800 456 1848; x_wconf 88' lang='lat' dir='ltr'>messes</span> <span class='ocrx_word' id='word_1_96' title='bbox 478 1788 511 1847; x_wconf 92' lang='lat' dir='ltr'>et</span> <span class='ocrx_word' id='word_1_97' title='bbox 532 1782 782 1868; x_wconf 79' lang='lat' dir='ltr'>inexpugnabile</span> <span class='ocrx_word' id='word_1_98' title='bbox 803 1804 944 1868; x_wconf 86' lang='lat' dir='ltr'>gramen.</span> 
     </span>
    </p>

    <p class='ocr_par' dir='ltr' id='par_1_7' title="bbox 177 1883 1009 2068">
     <span class='ocr_line' id='line_1_17' title="bbox 177 1883 893 1969; baseline 0.006 -21"><span class='ocrx_word' id='word_1_99' title='bbox 177 1890 245 1948; x_wconf 90' lang='lat' dir='ltr'>turn</span> <span class='ocrx_word' id='word_1_100' title='bbox 268 1889 363 1968; x_wconf 90' lang='lat' dir='ltr'>caput</span> <span class='ocrx_word' id='word_1_101' title='bbox 384 1883 469 1950; x_wconf 79' lang='lat' dir='ltr'>Eleis</span> <span class='ocrx_word' id='word_1_102' title='bbox 490 1883 642 1969; x_wconf 78' lang='lat' dir='ltr'>Alpheias</span> <span class='ocrx_word' id='word_1_103' title='bbox 665 1887 779 1951; x_wconf 88' lang='lat' dir='ltr'>extulit</span> <span class='ocrx_word' id='word_1_104' title='bbox 799 1886 893 1952; x_wconf 89' lang='lat' dir='ltr'>undis</span> 
     </span>
     <span class='ocr_line' id='line_1_18' title="bbox 177 1987 1009 2068; baseline 0.005 -18"><span class='ocrx_word' id='word_1_105' title='bbox 177 1993 383 2068; x_wconf 86' lang='lat' dir='ltr'>rorantesque</span> <span class='ocrx_word' id='word_1_106' title='bbox 404 2006 511 2053; x_wconf 90' lang='lat' dir='ltr'>eomas</span> <span class='ocrx_word' id='word_1_107' title='bbox 532 2006 553 2052; x_wconf 91' lang='lat' dir='ltr'>a</span> <span class='ocrx_word' id='word_1_108' title='bbox 574 1987 677 2054; x_wconf 86' lang='lat' dir='ltr'>fronte</span> <span class='ocrx_word' id='word_1_109' title='bbox 698 1989 832 2054; x_wconf 85' lang='lat' dir='ltr'>removit</span> <span class='ocrx_word' id='word_1_110' title='bbox 853 1988 895 2053; x_wconf 88' lang='lat' dir='ltr'>ad</span> <span class='ocrx_word' id='word_1_111' title='bbox 917 2008 1009 2054; x_wconf 89' lang='lat' dir='ltr'>aures</span> 
     </span>
    </p>
   </div>
   <div class='ocr_carea' id='block_1_3' title="bbox 176 2082 1066 2793">
    <p class='ocr_par' dir='ltr' id='par_1_8' title="bbox 177 2082 926 2176">
     <span class='ocr_line' id='line_1_19' title="bbox 177 2082 926 2176; baseline 0.005 -23"><span class='ocrx_word' id='word_1_112' title='bbox 177 2096 273 2171; x_wconf 88' lang='lat' dir='ltr'>atque</span> <span class='ocrx_word' id='word_1_113' title='bbox 294 2090 353 2155; x_wconf 89' lang='lat' dir='ltr'>ait:</span> <span class='ocrx_word' id='word_1_114' title='bbox 375 2082 405 2154; x_wconf 90' lang='lat' dir='ltr'>‘o</span> <span class='ocrx_word' id='word_1_115' title='bbox 428 2095 493 2156; x_wconf 88' lang='lat' dir='ltr'>toto</span> <span class='ocrx_word' id='word_1_116' title='bbox 514 2090 676 2172; x_wconf 88' lang='lat' dir='ltr'>quaesitae</span> <span class='ocrx_word' id='word_1_117' title='bbox 698 2092 829 2176; x_wconf 84' lang='lat' dir='ltr'>virginis</span> <span class='ocrx_word' id='word_1_118' title='bbox 850 2093 926 2158; x_wconf 92' lang='lat' dir='ltr'>orbe</span> 
     </span>
    </p>

    <p class='ocr_par' dir='ltr' id='par_1_9' title="bbox 177 2192 978 2364">
     <span class='ocr_line' id='line_1_20' title="bbox 178 2192 978 2277; baseline 0.004 -21"><span class='ocrx_word' id='word_1_119' title='bbox 178 2199 211 2257; x_wconf 90' lang='lat' dir='ltr'>et</span> <span class='ocrx_word' id='word_1_120' title='bbox 231 2192 357 2277; x_wconf 79' lang='lat' dir='ltr'>frugum</span> <span class='ocrx_word' id='word_1_121' title='bbox 379 2193 534 2276; x_wconf 79' lang='lat' dir='ltr'>genetrix,</span> <span class='ocrx_word' id='word_1_122' title='bbox 556 2194 727 2261; x_wconf 90' lang='lat' dir='ltr'>immensos</span> <span class='ocrx_word' id='word_1_123' title='bbox 748 2194 825 2261; x_wconf 84' lang='lat' dir='ltr'>siste</span> <span class='ocrx_word' id='word_1_124' title='bbox 846 2195 978 2277; x_wconf 87' lang='lat' dir='ltr'>labores,</span> 
     </span>
     <span class='ocr_line' id='line_1_21' title="bbox 177 2295 897 2364; baseline 0.004 -5"><span class='ocrx_word' id='word_1_125' title='bbox 177 2314 259 2361; x_wconf 88' lang='lat' dir='ltr'>neve</span> <span class='ocrx_word' id='word_1_126' title='bbox 280 2295 339 2360; x_wconf 93' lang='lat' dir='ltr'>tibi</span> <span class='ocrx_word' id='word_1_127' title='bbox 360 2295 444 2362; x_wconf 88' lang='lat' dir='ltr'>fidae</span> <span class='ocrx_word' id='word_1_128' title='bbox 465 2296 605 2364; x_wconf 86' lang='lat' dir='ltr'>violenta</span> <span class='ocrx_word' id='word_1_129' title='bbox 625 2298 761 2363; x_wconf 89' lang='lat' dir='ltr'>irascere</span> <span class='ocrx_word' id='word_1_130' title='bbox 782 2300 897 2363; x_wconf 89' lang='lat' dir='ltr'>terrael</span> 
     </span>
    </p>

    <p class='ocr_par' dir='ltr' id='par_1_10' title="bbox 176 2397 962 2485">
     <span class='ocr_line' id='line_1_22' title="bbox 176 2397 962 2485; baseline 0.004 -23"><span class='ocrx_word' id='word_1_131' title='bbox 176 2404 261 2463; x_wconf 90' lang='lat' dir='ltr'>terra</span> <span class='ocrx_word' id='word_1_132' title='bbox 282 2397 361 2464; x_wconf 93' lang='lat' dir='ltr'>nihil</span> <span class='ocrx_word' id='word_1_133' title='bbox 383 2401 496 2465; x_wconf 90' lang='lat' dir='ltr'>meruit</span> <span class='ocrx_word' id='word_1_134' title='bbox 515 2400 680 2485; x_wconf 88' lang='lat' dir='ltr'>patuitque</span> <span class='ocrx_word' id='word_1_135' title='bbox 701 2401 803 2467; x_wconf 81' lang='lat' dir='ltr'>invita</span> <span class='ocrx_word' id='word_1_136' title='bbox 824 2400 962 2485; x_wconf 88' lang='lat' dir='ltr'>rapinae.</span> 
     </span>
    </p>

    <p class='ocr_par' dir='ltr' id='par_1_11' title="bbox 176 2501 1066 2793">
     <span class='ocr_line' id='line_1_23' title="bbox 177 2501 1039 2588; baseline 0.003 -23"><span class='ocrx_word' id='word_1_137' title='bbox 177 2520 237 2566; x_wconf 90' lang='lat' dir='ltr'>nec</span> <span class='ocrx_word' id='word_1_138' title='bbox 258 2520 328 2567; x_wconf 88' lang='lat' dir='ltr'>sum</span> <span class='ocrx_word' id='word_1_139' title='bbox 349 2521 407 2586; x_wconf 93' lang='lat' dir='ltr'>pro</span> <span class='ocrx_word' id='word_1_140' title='bbox 429 2501 532 2587; x_wconf 89' lang='lat' dir='ltr'>patria</span> <span class='ocrx_word' id='word_1_141' title='bbox 554 2503 702 2588; x_wconf 83' lang='lat' dir='ltr'>supplex:</span> <span class='ocrx_word' id='word_1_142' title='bbox 725 2502 788 2569; x_wconf 92' lang='lat' dir='ltr'>huc</span> <span class='ocrx_word' id='word_1_143' title='bbox 809 2503 935 2588; x_wconf 89' lang='lat' dir='ltr'>hospita</span> <span class='ocrx_word' id='word_1_144' title='bbox 956 2504 1039 2568; x_wconf 88' lang='lat' dir='ltr'>veni.</span> 
     </span>
     <span class='ocr_line' id='line_1_24' title="bbox 176 2604 1066 2691; baseline 0.003 -22"><span class='ocrx_word' id='word_1_145' title='bbox 176 2605 251 2671; x_wconf 89' lang='lat' dir='ltr'>Pisa</span> <span class='ocrx_word' id='word_1_146' title='bbox 272 2604 350 2669; x_wconf 93' lang='lat' dir='ltr'>mibi</span> <span class='ocrx_word' id='word_1_147' title='bbox 372 2606 478 2690; x_wconf 89' lang='lat' dir='ltr'>patria</span> <span class='ocrx_word' id='word_1_148' title='bbox 500 2613 548 2672; x_wconf 89' lang='lat' dir='ltr'>est</span> <span class='ocrx_word' id='word_1_149' title='bbox 570 2613 603 2672; x_wconf 91' lang='lat' dir='ltr'>ct</span> <span class='ocrx_word' id='word_1_150' title='bbox 623 2608 665 2672; x_wconf 89' lang='lat' dir='ltr'>ab</span> <span class='ocrx_word' id='word_1_151' title='bbox 688 2606 779 2673; x_wconf 82' lang='lat' dir='ltr'>Elide</span> <span class='ocrx_word' id='word_1_152' title='bbox 802 2605 944 2672; x_wconf 89' lang='lat' dir='ltr'>ducimus</span> <span class='ocrx_word' id='word_1_153' title='bbox 966 2614 1066 2691; x_wconf 81' lang='lat' dir='ltr'>ortus3</span> 
     </span>
     <span class='ocr_line' id='line_1_25' title="bbox 177 2707 949 2793; baseline -0.001 -19"><span class='ocrx_word' id='word_1_154' title='bbox 177 2707 336 2774; x_wconf 87' lang='lat' dir='ltr'>Sicaniam</span> <span class='ocrx_word' id='word_1_155' title='bbox 358 2709 525 2792; x_wconf 85' lang='lat' dir='ltr'>peregrina</span> <span class='ocrx_word' id='word_1_156' title='bbox 548 2710 624 2791; x_wconf 91' lang='lat' dir='ltr'>colo,</span> <span class='ocrx_word' id='word_1_157' title='bbox 647 2709 704 2775; x_wconf 89' lang='lat' dir='ltr'>sed</span> <span class='ocrx_word' id='word_1_158' title='bbox 725 2710 843 2793; x_wconf 84' lang='lat' dir='ltr'>gratior</span> <span class='ocrx_word' id='word_1_159' title='bbox 864 2710 949 2775; x_wconf 93' lang='lat' dir='ltr'>omni</span> 
     </span>
    </p>
   </div>
   <div class='ocr_carea' id='block_1_4' title="bbox 175 2810 1157 3823">
    <p class='ocr_par' dir='ltr' id='par_1_12' title="bbox 177 2810 1157 2998">
     <span class='ocr_line' id='line_1_26' title="bbox 177 2810 1157 2896; baseline 0.002 -23"><span class='ocrx_word' id='word_1_160' title='bbox 177 2810 256 2876; x_wconf 90' lang='lat' dir='ltr'>haec</span> <span class='ocrx_word' id='word_1_161' title='bbox 277 2810 354 2874; x_wconf 91' lang='lat' dir='ltr'>mihi</span> <span class='ocrx_word' id='word_1_162' title='bbox 376 2818 460 2877; x_wconf 90' lang='lat' dir='ltr'>terra</span> <span class='ocrx_word' id='word_1_163' title='bbox 481 2812 547 2879; x_wconf 84' lang='lat' dir='ltr'>solo</span> <span class='ocrx_word' id='word_1_164' title='bbox 569 2819 631 2878; x_wconf 86' lang='lat' dir='ltr'>est:</span> <span class='ocrx_word' id='word_1_165' title='bbox 654 2812 711 2878; x_wconf 87' lang='lat' dir='ltr'>bos</span> <span class='ocrx_word' id='word_1_166' title='bbox 732 2833 818 2878; x_wconf 90' lang='lat' dir='ltr'>nuno</span> <span class='ocrx_word' id='word_1_167' title='bbox 839 2811 996 2877; x_wconf 85' lang='lat' dir='ltr'>Arethusa</span> <span class='ocrx_word' id='word_1_168' title='bbox 1016 2818 1157 2896; x_wconf 87' lang='lat' dir='ltr'>penates,</span> 
     </span>
     <span class='ocr_line' id='line_1_27' title="bbox 177 2911 1034 2998; baseline 0.004 -22"><span class='ocrx_word' id='word_1_169' title='bbox 177 2913 259 2977; x_wconf 90' lang='lat' dir='ltr'>banc</span> <span class='ocrx_word' id='word_1_170' title='bbox 280 2912 384 2978; x_wconf 89' lang='lat' dir='ltr'>habeo</span> <span class='ocrx_word' id='word_1_171' title='bbox 406 2911 529 2980; x_wconf 88' lang='lat' dir='ltr'>sedem:</span> <span class='ocrx_word' id='word_1_172' title='bbox 553 2935 647 2998; x_wconf 90' lang='lat' dir='ltr'>quam</span> <span class='ocrx_word' id='word_1_173' title='bbox 669 2922 713 2998; x_wconf 89' lang='lat' dir='ltr'>tu,</span> <span class='ocrx_word' id='word_1_174' title='bbox 736 2916 911 2996; x_wconf 88' lang='lat' dir='ltr'>mitissima,</span> <span class='ocrx_word' id='word_1_175' title='bbox 935 2934 1034 2980; x_wconf 87' lang='lat' dir='ltr'>serva.</span> 
     </span>
    </p>

    <p class='ocr_par' dir='ltr' id='par_1_13' title="bbox 175 3015 1043 3202">
     <span class='ocr_line' id='line_1_28' title="bbox 176 3015 1043 3103; baseline 0.005 -25"><span class='ocrx_word' id='word_1_176' title='bbox 176 3021 263 3081; x_wconf 88' lang='lat' dir='ltr'>mota</span> <span class='ocrx_word' id='word_1_177' title='bbox 283 3015 351 3081; x_wconf 85' lang='lat' dir='ltr'>loeo</span> <span class='ocrx_word' id='word_1_178' title='bbox 374 3035 429 3080; x_wconf 90' lang='lat' dir='ltr'>eur</span> <span class='ocrx_word' id='word_1_179' title='bbox 451 3017 510 3083; x_wconf 90' lang='lat' dir='ltr'>sim</span> <span class='ocrx_word' id='word_1_180' title='bbox 532 3018 674 3100; x_wconf 87' lang='lat' dir='ltr'>tantique</span> <span class='ocrx_word' id='word_1_181' title='bbox 694 3038 753 3103; x_wconf 89' lang='lat' dir='ltr'>per</span> <span class='ocrx_word' id='word_1_182' title='bbox 774 3017 918 3101; x_wconf 87' lang='lat' dir='ltr'>aequoris</span> <span class='ocrx_word' id='word_1_183' title='bbox 940 3016 1043 3082; x_wconf 88' lang='lat' dir='ltr'>undas</span> 
     </span>
     <span class='ocr_line' id='line_1_29' title="bbox 175 3116 942 3202; baseline 0.004 -21"><span class='ocrx_word' id='word_1_184' title='bbox 175 3116 316 3183; x_wconf 87' lang='lat' dir='ltr'>advehar</span> <span class='ocrx_word' id='word_1_185' title='bbox 339 3117 514 3202; x_wconf 88' lang='lat' dir='ltr'>Ortygiam,</span> <span class='ocrx_word' id='word_1_186' title='bbox 536 3122 643 3186; x_wconf 87' lang='lat' dir='ltr'>veniet</span> <span class='ocrx_word' id='word_1_187' title='bbox 665 3123 843 3187; x_wconf 88' lang='lat' dir='ltr'>narratibus</span> <span class='ocrx_word' id='word_1_188' title='bbox 864 3119 942 3184; x_wconf 90' lang='lat' dir='ltr'>hora</span> 
     </span>
    </p>

    <p class='ocr_par' dir='ltr' id='par_1_14' title="bbox 176 3219 913 3306">
     <span class='ocr_line' id='line_1_30' title="bbox 176 3219 913 3306; baseline 0.007 -22"><span class='ocrx_word' id='word_1_189' title='bbox 176 3219 365 3305; x_wconf 84' lang='lat' dir='ltr'>tempestiva</span> <span class='ocrx_word' id='word_1_190' title='bbox 386 3222 475 3304; x_wconf 88' lang='lat' dir='ltr'>meis,</span> <span class='ocrx_word' id='word_1_191' title='bbox 498 3242 570 3290; x_wconf 90' lang='lat' dir='ltr'>cum</span> <span class='ocrx_word' id='word_1_192' title='bbox 592 3230 626 3288; x_wconf 89' lang='lat' dir='ltr'>tu</span> <span class='ocrx_word' id='word_1_193' title='bbox 649 3243 786 3306; x_wconf 89' lang='lat' dir='ltr'>curaque</span> <span class='ocrx_word' id='word_1_194' title='bbox 807 3225 913 3290; x_wconf 87' lang='lat' dir='ltr'>levata</span> 
     </span>
    </p>

    <p class='ocr_par' dir='ltr' id='par_1_15' title="bbox 176 3324 934 3411">
     <span class='ocr_line' id='line_1_31' title="bbox 176 3324 934 3411; baseline 0.007 -24"><span class='ocrx_word' id='word_1_195' title='bbox 176 3331 208 3388; x_wconf 92' lang='lat' dir='ltr'>et</span> <span class='ocrx_word' id='word_1_196' title='bbox 230 3324 334 3389; x_wconf 83' lang='lat' dir='ltr'>vultus</span> <span class='ocrx_word' id='word_1_197' title='bbox 356 3325 493 3392; x_wconf 89' lang='lat' dir='ltr'>melioris</span> <span class='ocrx_word' id='word_1_198' title='bbox 516 3327 586 3393; x_wconf 90' lang='lat' dir='ltr'>eris.</span> <span class='ocrx_word' id='word_1_199' title='bbox 610 3326 688 3391; x_wconf 92' lang='lat' dir='ltr'>mihi</span> <span class='ocrx_word' id='word_1_200' title='bbox 710 3327 821 3411; x_wconf 84' lang='lat' dir='ltr'>pervia</span> <span class='ocrx_word' id='word_1_201' title='bbox 842 3328 934 3392; x_wconf 88' lang='lat' dir='ltr'>tellus</span> 
     </span>
    </p>

    <p class='ocr_par' dir='ltr' id='par_1_16' title="bbox 175 3427 992 3513">
     <span class='ocr_line' id='line_1_32' title="bbox 175 3427 992 3513; baseline 0.005 -22"><span class='ocrx_word' id='word_1_202' title='bbox 175 3427 307 3510; x_wconf 86' lang='lat' dir='ltr'>praebet</span> <span class='ocrx_word' id='word_1_203' title='bbox 327 3427 397 3509; x_wconf 86' lang='lat' dir='ltr'>iter,</span> <span class='ocrx_word' id='word_1_204' title='bbox 419 3430 588 3513; x_wconf 90' lang='lat' dir='ltr'>subterque</span> <span class='ocrx_word' id='word_1_205' title='bbox 609 3431 689 3495; x_wconf 89' lang='lat' dir='ltr'>imas</span> <span class='ocrx_word' id='word_1_206' title='bbox 710 3432 818 3497; x_wconf 88' lang='lat' dir='ltr'>ablata</span> <span class='ocrx_word' id='word_1_207' title='bbox 840 3450 992 3496; x_wconf 86' lang='lat' dir='ltr'>cavernas</span> 
     </span>
    </p>

    <p class='ocr_par' dir='ltr' id='par_1_17' title="bbox 175 3529 938 3616">
     <span class='ocr_line' id='line_1_33' title="bbox 175 3529 938 3616; baseline 0.004 -22"><span class='ocrx_word' id='word_1_208' title='bbox 175 3529 228 3595; x_wconf 92' lang='lat' dir='ltr'>hic</span> <span class='ocrx_word' id='word_1_209' title='bbox 250 3537 345 3614; x_wconf 88' lang='lat' dir='ltr'>caput</span> <span class='ocrx_word' id='word_1_210' title='bbox 366 3533 472 3598; x_wconf 89' lang='lat' dir='ltr'>attollo</span> <span class='ocrx_word' id='word_1_211' title='bbox 495 3530 688 3616; x_wconf 85' lang='lat' dir='ltr'>desuetaque</span> <span class='ocrx_word' id='word_1_212' title='bbox 710 3533 815 3599; x_wconf 90' lang='lat' dir='ltr'>sidera</span> <span class='ocrx_word' id='word_1_213' title='bbox 836 3554 938 3599; x_wconf 85' lang='lat' dir='ltr'>cerno.</span> 
     </span>
    </p>

    <p class='ocr_par' dir='ltr' id='par_1_18' title="bbox 175 3633 942 3722">
     <span class='ocr_line' id='line_1_34' title="bbox 175 3633 942 3722; baseline 0.003 -24"><span class='ocrx_word' id='word_1_214' title='bbox 175 3651 251 3717; x_wconf 90' lang='lat' dir='ltr'>ergo</span> <span class='ocrx_word' id='word_1_215' title='bbox 273 3633 348 3698; x_wconf 91' lang='lat' dir='ltr'>dum</span> <span class='ocrx_word' id='word_1_216' title='bbox 370 3635 483 3720; x_wconf 85' lang='lat' dir='ltr'>Stygio</span> <span class='ocrx_word' id='word_1_217' title='bbox 505 3636 564 3702; x_wconf 88' lang='lat' dir='ltr'>sub</span> <span class='ocrx_word' id='word_1_218' title='bbox 586 3636 677 3703; x_wconf 89' lang='lat' dir='ltr'>terris</span> <span class='ocrx_word' id='word_1_219' title='bbox 698 3638 823 3722; x_wconf 90' lang='lat' dir='ltr'>gorgite</span> <span class='ocrx_word' id='word_1_220' title='bbox 844 3637 942 3718; x_wconf 89' lang='lat' dir='ltr'>labor,</span> 
     </span>
    </p>

    <p class='ocr_par' dir='ltr' id='par_1_19' title="bbox 175 3735 953 3823">
     <span class='ocr_line' id='line_1_35' title="bbox 175 3735 953 3823; baseline 0.006 -24"><span class='ocrx_word' id='word_1_221' title='bbox 175 3735 246 3800; x_wconf 89' lang='lat' dir='ltr'>visa</span> <span class='ocrx_word' id='word_1_222' title='bbox 267 3741 322 3800; x_wconf 86' lang='lat' dir='ltr'>tua</span> <span class='ocrx_word' id='word_1_223' title='bbox 343 3743 391 3803; x_wconf 90' lang='lat' dir='ltr'>est</span> <span class='ocrx_word' id='word_1_224' title='bbox 412 3738 509 3804; x_wconf 88' lang='lat' dir='ltr'>oculis</span> <span class='ocrx_word' id='word_1_225' title='bbox 531 3739 595 3804; x_wconf 91' lang='lat' dir='ltr'>illic</span> <span class='ocrx_word' id='word_1_226' title='bbox 616 3740 804 3823; x_wconf 86' lang='lat' dir='ltr'>Proserpina</span> <span class='ocrx_word' id='word_1_227' title='bbox 826 3738 953 3804; x_wconf 89' lang='lat' dir='ltr'>uostris:</span> 
     </span>
    </p>
   </div>
   <div class='ocr_carea' id='block_1_5' title="bbox 0 0 1472 4117">
    <p class='ocr_par' dir='ltr' id='par_1_20' title="bbox 0 0 1472 4117">
     <span class='ocr_line' id='line_1_36' title="bbox 0 0 1472 4117; baseline 0 0"><span class='ocrx_word' id='word_1_228' title='bbox 0 0 1472 4117; x_wconf 95' lang='lat' dir='ltr'> </span> 
     </span>
    </p>
   </div>
  </div>
 </body>
</html>
