2934 4117
251 192 301 256 ab
656 206 891 277 metamorpboleu.

260 380 378 465 Othrys
401 401 478 465 quas
500 379 681 463 Pindusque
704 388 736 446 et
757 380 858 447 Pindo
880 382 979 447 maior
1000 383 1163 468 Olympus

260 483 422 570 perspicit3
447 489 479 549 et
499 482 632 568 placitas
653 483 768 568 partim
790 483 897 551 radice
918 486 1050 568 revellit,

259 586 375 672 partim
398 586 530 653 succidit
552 586 734 652 curvamine
756 587 847 653 falcis
868 594 977 654 aenae.

261 697 292 756 ct
313 692 376 755 iam
398 712 483 756 nona
504 689 572 755 dies
595 710 685 756 curru
706 690 883 776 pennisque
904 690 1074 757 draconum
1318 715 1350 764 ro

261 814 405 879 nonaque
428 815 492 860 nox
514 813 623 860 omnes
644 794 830 859 lustrantem
851 793 974 860 viderat
994 817 1096 880 agros,

195 953 197 957 ,
262 918 332 962 cum
345 897 455 963 rediit
500 917 604 980 neque
626 902 714 961 erant
737 898 822 980 tacti,
844 897 905 962 nisi
927 896 1031 980 odore,
1054 899 1205 965 dracones

264 1006 423 1066 ettamen
445 1020 585 1066 annosae
605 1000 720 1085 pellem
743 1019 874 1085 posuere
897 1007 1052 1067 senectae.

256 1163 258 1166 .
306 1103 451 1169 Constitit
472 1103 647 1169 adveniens
670 1104 748 1168 citra
769 1103 926 1186 limenque
947 1104 1092 1187 foresque

263 1213 294 1271 et
316 1213 437 1272 tantum
460 1207 546 1272 caelo
569 1207 684 1291 tegitur
707 1206 885 1290 refugitque
906 1206 1012 1273 viriles

263 1315 424 1375 contactus
446 1309 616 1392 statuitque
638 1329 709 1375 aras
731 1329 749 1373 e
772 1309 910 1394 caespite
932 1310 1032 1392 binas,

264 1411 440 1477 dexteriore
462 1414 607 1493 Hecates,
631 1418 681 1477 ast
702 1413 905 1496 laevaparte
927 1413 1086 1479 quentae.

263 1514 322 1580 has
343 1515 398 1580 ubi
420 1515 567 1581 verbenis
589 1515 730 1596 silvaque
752 1515 886 1579 incinxit
907 1516 1033 1598 agresti,

248 1617 349 1683 vhaud
371 1618 478 1701 procul
501 1623 610 1702 egesta
632 1617 796 1682 scrobibus
817 1618 927 1683 tellure
949 1616 1071 1682 duabus

264 1740 353 1786 sacra
374 1720 450 1785 facit
473 1722 647 1802 cultrosque
669 1721 702 1784 in
724 1726 852 1803 guttura
873 1719 999 1785 velleris
1020 1721 1080 1785 atri
1318 1737 1352 1786 so

265 1823 379 1888 conicit
402 1829 433 1888 et
455 1824 578 1908 patulas
600 1822 762 1906 pertundit
784 1823 938 1907 sanguine
960 1823 1069 1888 fossas.

266 1932 332 1991 tum
354 1945 449 2010 super
469 1926 639 2010 invergens
661 1923 771 2008 liquidi
794 1924 953 1990 carchesia
974 1925 1075 1990 mellis

265 2048 425 2111 aeneaque
444 2027 616 2111 'invergens
639 2026 738 2111 tepidi
761 2027 921 2092 carchesia
942 2027 1031 2092 lactis

252 2131 363 2196 uerba
384 2132 476 2197 simul
498 2130 579 2196 fudit
601 2137 787 2213 terrenaque
809 2130 939 2194 numina
958 2129 1043 2210 civit,

265 2233 508 2317 umbrarumque
530 2240 620 2318 rogat
640 2238 731 2317 rapta
754 2252 825 2297 cum
848 2233 979 2315 coniuge
1001 2251 1117 2316 regem,
1321 2250 1356 2299 85

266 2356 307 2401 ne
328 2342 497 2421 properent
514 2342 605 2401 artus
626 2335 733 2400 anima
754 2333 902 2400 fraudare
923 2333 1023 2400 senili.

267 2459 344 2521 quos
366 2440 420 2504 ubi
442 2440 579 2524 placauit
592 2439 808 2523 >precibusque
831 2445 863 2503 et
884 2457 1042 2502 murmure
1064 2437 1167 2521 longo,

267 2542 400 2607 Aesonis
423 2542 550 2606 effetum
572 2540 704 2626 proferri
726 2561 838 2625 corpus
860 2540 901 2604 ad
923 2561 1016 2605 auras

267 2645 357 2710 iussit
379 2650 411 2709 ct
433 2645 465 2709 in
488 2646 598 2728 plenos
619 2644 789 2709 resolutum
812 2644 950 2709 carmine
972 2662 1097 2709 somnos

268 2747 408 2813 exanimi
430 2748 563 2813 similem
586 2748 691 2813 stratis
713 2748 852 2832 porrexit
874 2747 907 2812 in
928 2746 1043 2812 herbis.
1322 2765 1358 2811 eo

267 2851 343 2916 hinc
364 2851 471 2935 procul
492 2849 683 2931 Aesoniden,
705 2850 814 2933 procul
836 2848 910 2914 hinc
931 2849 1019 2914 iubet
1039 2848 1085 2912 ire
1107 2846 1264 2911 ministros

269 2961 301 3019 ct
322 2958 429 3018 monet
449 2953 573 3018 arcanis
595 2953 701 3018 oculos
723 2971 884 3016 removere
906 2951 1062 3035 profanos.

269 3056 438 3140 diffugiunt
459 3056 545 3121 iussi.
590 3055 692 3140 passis
714 3053 828 3119 Medea
849 3053 969 3139 capillis

269 3158 479 3226 bacchantum
500 3159 563 3223 ritu
584 3158 756 3242 flagrantes
778 3157 888 3221 circuit
908 3175 979 3220 aras

269 3260 501 3344 multifidasque
522 3261 608 3327 faces
630 3262 664 3326 in
686 3260 772 3326 fossa
793 3259 957 3343 sanguinis
978 3263 1047 3323 atra

269 3365 386 3449 tinguit
399 3370 440 3430 et
461 3364 595 3429 infectas
616 3363 752 3447 geminis
774 3361 919 3427 accendit
939 3361 972 3425 in
995 3360 1058 3425 aris

271 3475 379 3550 terque
401 3486 509 3536 senem
531 3466 669 3548 flamma,
691 3472 740 3532 ter
761 3485 853 3548 aqua,
876 3471 924 3529 ter
946 3462 1095 3548 sulphure
1117 3462 1232 3527 lustrat

271 3570 391 3635 interea
412 3568 551 3635 validum
572 3570 673 3655 posito
696 3567 893 3633 medicamen
915 3572 996 3631 ae‘no

272 3674 373 3739 fervet
395 3679 426 3739 et
448 3673 585 3739 exsultat
606 3672 788 3758 spumisque
809 3668 1002 3738 tumentibus
1024 3669 1117 3734 albet.

272 3774 335 3841 illic
356 3775 531 3843 Haemonia
553 3775 674 3843 radices
697 3776 779 3841 vallo
801 3778 937 3840 resectas
1311 3784 1361 3834 100
