2934 4117
613 171 652 225 14.
677 169 765 225 iliata

173 363 252 408 ausa
273 343 347 424 suis,
371 348 402 408 et
424 362 485 424 me,
509 341 592 425 quod
613 342 647 406 in
669 342 770 426 ipsam
793 340 939 423 reccidat,
963 342 1070 407 orbam

173 445 255 510 dixit
277 453 308 511 et
331 445 473 512 exhibuit
494 446 635 530 linguam
657 445 810 511 scelerata
830 440 1016 530 paternam?

173 548 334 614 adiectura
355 568 464 634 preces
487 556 553 614 erat
575 549 624 614 his
645 545 768 615 Latona
789 550 908 614 relatis:

173 644 320 717 ‘desinet‘
341 652 487 718 Phoebus
508 652 563 733 ait,
586 644 719 736 ‘poenae
741 672 828 716 mora
849 653 944 733 longa
966 651 1093 733 querela
1115 650 1182 715 est'
1232 672 1264 719 uo

174 754 255 820 dixit
275 755 360 820 idem
382 755 524 840 Phoebe;
548 755 703 838 celerique
725 775 783 839 per
804 762 878 820 aere
899 756 989 839 lapsu

174 858 371 942 contigerant
392 857 468 922 tecti
490 857 664 925 Cadmeida
685 859 822 923 nubibus
843 878 957 924 arcem.

216 961 332 1027 Planus
355 968 421 1026 erat
442 961 568 1046 lateque
589 966 702 1047 patens
722 982 821 1046 prope
843 963 967 1027 moenia
989 979 1126 1044 campus,

173 1063 313 1130 adsiduis
336 1065 478 1149 pulsatus
501 1065 599 1148 equis,
621 1064 676 1130 uhi
698 1065 790 1131 turbo
811 1073 948 1130 rotarum

173 1166 312 1250 duraque
334 1168 489 1233 mollierat
510 1168 668 1234 subiectas
690 1169 807 1253 ungula
829 1167 968 1251 glaebas.

173 1290 246 1353 pars
266 1270 312 1336 ibi
335 1269 375 1335 de
397 1276 519 1356 septem
539 1271 657 1356 genitis
677 1270 856 1356 Amphione
877 1270 974 1336 fortes

174 1372 388 1438 conscendunt
409 1374 442 1439 in
465 1393 561 1457 equos
583 1373 743 1459 Tyrioque
764 1374 909 1440 rubentia
931 1393 1004 1438 succ

173 1482 263 1558 terga
283 1483 431 1559 premunt
452 1496 591 1559 auroque
612 1497 726 1561 graves
748 1476 949 1543 moderantur
971 1475 1118 1542 habenas.

174 1598 192 1642 e
216 1579 328 1661 quibus
350 1580 502 1661 Ismenus,
525 1580 600 1645 dum
624 1587 742 1645 certum
763 1579 862 1645 flectit
882 1580 916 1645 in
937 1579 1045 1645 orbem

175 1680 386 1766 quadrupedis
409 1702 516 1749 cursus
538 1684 779 1767 spumantiaque
801 1703 856 1748 ore
878 1689 1009 1763 coercet,

174 1778 215 1848 ‘ei
236 1780 338 1850 mihil'
362 1785 536 1852 conclamat
557 1786 723 1869 medioque
745 1786 778 1850 iu
800 1793 926 1872 pectore
948 1785 1013 1849 fixa

173 1887 237 1951 tela
256 1888 339 1972 gerit
360 1888 519 1971 frenisque
541 1909 637 1954 manu
659 1890 812 1955 moriente
832 1889 972 1954 remissis

173 1989 207 2053 iu
228 1991 311 2056 latus
332 2011 352 2054 a
374 1990 485 2057 dextro
507 1992 658 2076 paulatim
682 1991 792 2057 defluit
812 2012 908 2082 armo.

173 2092 334 2176 proximus
356 2093 464 2159 audito
486 2095 589 2160 sonitu
611 2095 785 2178 perinane
806 2094 972 2182 pharetrae

174 2196 263 2260 frena
285 2196 382 2261 dabat
404 2197 542 2282 Sipylus,
564 2196 662 2262 veluti
685 2217 755 2262 eum
777 2197 937 2282 praescius
958 2197 1075 2264 imbres

172 2300 257 2364 nube
279 2300 360 2383 fugit
381 2301 451 2365 visa
471 2300 706 2386 pendentiaque
727 2300 867 2388 undique
888 2308 989 2366 rector

174 2403 304 2468 carbasa
326 2402 462 2485 deducit,
485 2425 526 2471 ne
548 2403 710 2486 qualevis
733 2403 842 2469 effluat
863 2424 949 2469 aure.

172 2505 262 2569 frena
284 2512 398 2598 tamen
412 2506 540 2598 dantem
562 2527 626 2573 nou
649 2507 796 2596 evitabile
819 2507 914 2572 telum

173 2608 388 2693 consequitur;
411 2629 595 2693 summaque
617 2617 755 2675 tremens
778 2610 899 2675 cervice
921 2610 1037 2692 sagitta

172 2710 275 2776 haesit
297 2718 328 2775 et
350 2714 497 2778 exstabat
519 2710 648 2777 crudum
670 2712 711 2777 de
732 2719 859 2796 gutture
880 2712 1006 2778 ferrum.

172 2813 233 2894 ille,
256 2820 291 2877 ut
313 2821 389 2896 erat,
412 2835 528 2899 pronus
550 2835 607 2899 per
629 2817 708 2880 colla
729 2816 868 2880 admissa
889 2814 1042 2898 iubasque

172 2916 307 2981 volvitur
330 2923 361 2983 et
382 2918 483 2984 calido
505 2920 648 2984 tellurem
670 2918 825 3002 sanguine
847 2918 961 2984 foedat.

171 3019 362 3086 Phaedimus
383 3021 494 3086 infelix
518 3029 549 3086 et
571 3022 649 3088 aviti
671 3021 807 3087 nominis
829 3022 921 3088 heres

171 3122 332 3204 Tantalus,
355 3130 390 3188 ut
411 3124 501 3189 sclito
523 3124 619 3190 finem
641 3125 817 3209 imposuere
839 3124 946 3204 labori,

171 3225 360 3290 transierant
382 3226 424 3290 ad
445 3247 523 3312 epus
545 3226 665 3292 nitidae
686 3228 831 3292 iuvenale
853 3227 1043 3311 palaestram

172 3333 204 3391 et
224 3328 288 3391 iam
310 3330 505 3395 contulerant
526 3337 594 3396 arto
616 3330 767 3395 luctantia
790 3351 875 3398 nexu

170 3436 298 3512 pectora
319 3432 505 3515 pectom’bus,
529 3454 600 3499 cum
622 3440 708 3498 tento
732 3436 855 3500 concita
877 3453 987 3514 nervo,

171 3532 252 3597 sieut
274 3539 362 3598 erant
383 3534 491 3617 iuncti,
515 3536 636 3601 traiecit
657 3543 823 3620 utrumque
846 3537 973 3622 sagitta.

172 3635 353 3717 ingemuere
375 3636 476 3720 simul,
500 3639 592 3704 simul
614 3639 778 3704 incurvata
800 3640 907 3706 delore

172 3739 312 3803 membra
333 3740 398 3805 solo
420 3761 560 3824 posuere,
584 3742 676 3807 simul
699 3761 845 3826 suprema
866 3743 1011 3807 iacentes
