2934 4117
548 188 590 242 35.
609 185 779 252 &altimum

150 361 200 425 fac
221 360 322 442 iubar,
345 366 380 424 ut
401 379 525 444 semper
548 357 703 442 Capitolia
725 363 832 423 nostra
853 356 1017 443 forumque

150 462 243 529 divus
264 462 305 528 ab
328 462 457 528 excelsa
477 466 656 546 prospectet
677 460 777 526 Iulius
798 456 900 526 aede.³

193 565 256 632 Vix
279 586 318 631 ea
340 563 425 630 fatus
447 572 523 645 erat,
546 563 652 629 media
673 583 745 628 cum
767 563 843 629 sede
864 568 993 630 senatus

151 668 290 734 constitit
312 668 396 733 alma
417 669 526 733 Venus
547 667 623 731 nulli
646 666 814 748 cernenda,
838 667 949 749 suique

152 771 295 838 Caesaris
318 770 432 856 eripuit
452 770 602 836 membris
624 790 727 854 neque
749 769 783 835 in
804 776 879 835 atra
901 769 980 836 solvi

150 893 246 958 passa
267 878 426 938 recentem
448 872 586 937 animam
609 872 797 938 caelestibus
818 873 924 938 intulit
944 872 1046 938 astris

151 976 289 1060 dumque
311 976 390 1057 tulit,
412 977 519 1041 lumen
542 994 655 1060 capere
677 982 773 1058 atque
796 975 959 1060 ignescere
982 975 1080 1041 sensit

152 1079 317 1161 emisitque
339 1079 418 1144 sinu.
442 1079 533 1143 Luna
555 1078 640 1144 volat
660 1079 756 1144 altius
776 1078 831 1143 illa

151 1181 434 1264 flammiferumque
456 1179 584 1246 trahens
607 1179 744 1264 spatioso
767 1181 865 1246 limite
888 1180 1005 1245 crinem

152 1284 243 1349 stella
264 1284 373 1369 micat;
396 1283 526 1367 natique
547 1282 661 1349 videns
681 1283 765 1349 bene
787 1283 873 1348 facta
894 1283 1010 1348 fatetur
1196 1300 1246 1349 rou

153 1406 224 1452 esse
246 1387 311 1452 suis
332 1386 452 1451 maiora
474 1392 506 1451 et
527 1386 612 1451 vinci
633 1384 752 1469 gaudet
773 1387 813 1451 ab
836 1386 898 1451 illo,

152 1489 205 1554 hio
226 1509 284 1555 sna
305 1488 457 1575 praeferri
479 1509 669 1572 quamquam
690 1496 779 1555 vetat
800 1496 873 1555 acta
893 1489 1041 1573 paternis,

152 1593 253 1658 libera
274 1593 360 1658 fama
382 1599 488 1657 tamen
510 1592 667 1674 nullisque
688 1592 828 1658 obnoxia
849 1592 943 1657 iussis

153 1695 287 1761 invitum
308 1695 446 1780 praefert
467 1713 593 1777 unaque
614 1695 648 1759 in
670 1700 760 1778 parte
781 1699 946 1779 repugnat.

154 1798 200 1862 sio
221 1797 329 1880 magni
352 1795 435 1862 cedit
458 1796 555 1862 titulis
577 1796 826 1880 Agamemnonis
847 1796 971 1877 Atreus,

153 1899 264 1983 Aegea
286 1899 331 1964 sic
352 1898 503 1979 Theseus,
527 1898 573 1964 sic
594 1898 689 1963 Pelea
710 1898 809 1964 vineit
830 1897 977 1964 Achilles.

155 2001 302 2084 denique,
325 2007 360 2065 ut
382 2001 536 2084 exemplis
557 2001 644 2085 ipsos
665 2000 875 2084 aequantibus
897 2006 976 2082 utar,

155 2106 201 2170 sic
223 2110 255 2169 et
276 2104 429 2171 Saturnus
451 2104 554 2169 minor
575 2110 623 2169 est
644 2105 729 2169 Iove.
764 2104 905 2188 Iuppiter
926 2123 1016 2169 arces

155 2212 310 2292 temperat
331 2206 489 2272 aetherias
511 2211 543 2272 et
564 2205 674 2271 mundi
697 2226 796 2289 regna
818 2206 975 2286 triformis,

155 2316 239 2375 terra
260 2309 318 2375 sub
341 2309 482 2394 Augusto
506 2315 561 2374 est.
595 2315 685 2393 pater
707 2314 756 2374 est
778 2315 810 2373 et
832 2314 934 2373 rector
954 2315 1094 2390 uterque.
1200 2326 1246 2372 rro

155 2411 198 2493 di,
220 2431 340 2496 precor,
362 2412 491 2477 Aeneae
514 2411 652 2492 comites,
676 2411 790 2493 quibus
813 2410 897 2476 ensis
919 2417 951 2476 et
972 2409 1056 2495 ignis

156 2519 326 2595 cesserunt,
349 2512 443 2596 dique
466 2512 637 2597 Indigetes,
659 2513 846 2597 genitorque
869 2511 998 2588 Quirine

156 2615 252 2697 urbis,
276 2622 308 2680 et
329 2615 439 2680 invicti
460 2615 584 2700 genitor
606 2614 745 2681 Gradivo
767 2613 898 2695 Quirini,

155 2719 315 2799 Vestaque
338 2718 510 2785 Caesareos
531 2717 613 2782 inter
634 2724 758 2783 sacrata
779 2718 924 2797 Penates,

157 2827 189 2885 et
211 2840 281 2885 cum
305 2820 461 2887 Caesarea
482 2825 526 2899 tu,
548 2820 675 2884 Phoebe
698 2819 878 2900 domestice,
902 2820 1008 2901 Vesta,
1199 2836 1250 2886 120

157 2924 273 3006 quique
295 2928 385 2989 tenes
407 2923 489 2987 altus
510 2922 662 3006 Tarpeias
684 2922 824 3006 Iuppiter
847 2941 944 3002 arces,

158 3044 300 3109 quosque
322 3025 401 3090 alios
422 3025 489 3090 vati
510 3024 559 3089 fas
581 3026 741 3109 appellare
762 3024 911 3108 piumque
934 3029 994 3089 est:

154 3127 249 3193 tarda
271 3128 312 3194 sit
333 3128 388 3193 illa
409 3126 478 3193 dies
501 3134 532 3192 et
553 3133 658 3192 nostro
681 3127 778 3192 serior
798 3145 888 3207 aevo,

158 3251 221 3313 qua
243 3236 337 3316 caput
358 3231 545 3315 Augustum,
569 3249 663 3312 quem
684 3235 847 3312 temperat,
871 3230 945 3294 orbe
967 3228 1075 3293 relicto

158 3332 290 3400 accedat
312 3333 399 3399 caelo
421 3333 590 3415 faveatque
611 3332 814 3416 precantibus
835 3330 959 3397 absens.
1203 3349 1250 3399 ras

532 3511 584 3581 35.
606 3512 817 3595 Sblupmott.

204 3642 334 3724 Iamque
356 3660 434 3724 opus
457 3639 560 3722 exegi,
585 3639 669 3722 quod
691 3659 750 3704 nec
771 3638 857 3705 Iovis
878 3638 926 3703 ira
947 3657 1007 3703 nec
1028 3637 1111 3720 ignis

159 3763 220 3808 neo
242 3743 356 3828 poterit
377 3743 493 3808 ferrum
515 3762 575 3807 nec
597 3741 679 3807 edax
701 3743 827 3808 abolere
849 3747 998 3807 vetustas.

212 3861 280 3906 mutto
293 3861 423 3916 oncgttobbib
436 3860 530 3913 &ebidem
554 3860 592 3913 (bi.
606 3860 689 3915 {instoq
703 3859 725 3904 bt
739 3860 827 3915 ioibqig.)
1015 3862 1031 3912 8
