2934 4117
261 147 301 210 78
660 164 890 234 blrtemmeboleu.

259 357 314 401 ora
336 335 452 402 dedere
474 356 586 402 sonum
607 338 694 401 tenui
717 338 903 422 crepitantia
924 345 1032 404 rostro.

260 446 295 503 ut
317 458 392 505 vero
414 439 518 522 tetigit
540 445 661 504 mutum
683 445 715 504 et
737 440 806 505 sine
828 441 982 524 sanguine
1006 460 1126 524 corpus,

260 541 390 606 dilectos
412 549 498 607 artus
521 543 670 626 amplexa
690 542 869 609 recentibus
891 544 950 609 alis

260 643 376 728 frigida
397 645 587 728 nequiquam
610 644 687 711 duro
710 645 798 710 dedit
819 647 925 712 oscula
945 653 1053 712 rostro.

259 747 392 812 senserit
413 747 474 812 lroo
497 747 597 832 Ceyx,
620 769 662 813 an
684 749 807 814 vultum
828 749 964 814 motibus
986 748 1089 813 undae

206 925 208 928 Α
261 849 369 914 tollere
391 850 433 915 sit
454 850 551 931 visus,
574 852 708 935 populus
730 851 904 917 dubitabat.
939 858 972 916 at
993 851 1046 917 ille

260 959 411 1018 senserat.
446 958 478 1017 et
500 953 628 1018 tandem
651 954 773 1038 superis
796 954 1017 1020 miserantibus
1039 956 1132 1020 ambo

259 1055 333 1120 alite
355 1060 524 1120 mutantur.
552 1055 627 1121 satis
648 1056 805 1121 obnoxius
827 1056 928 1122 isdem

260 1164 336 1223 tuno
358 1178 481 1241 quoquc
503 1159 620 1224 mansit
641 1179 739 1240 amor,
761 1179 822 1224 nec
844 1160 1020 1244 coniugiale
1043 1159 1174 1224 solutum

260 1260 370 1327 foedus
392 1262 424 1326 in
447 1261 575 1328 alitibus
596 1261 733 1347 firmum;
757 1262 898 1346 fiuntque
919 1268 1075 1347 parentes

260 1383 378 1448 perque
400 1363 468 1429 dies
489 1363 630 1448 placidos
652 1363 783 1430 hiberno
806 1371 946 1448 tempore
969 1371 1088 1449 septem

260 1467 389 1532 incubat
410 1467 554 1550 Alcyone
576 1466 788 1552 pendentibus
810 1488 945 1551 aequore
966 1467 1057 1547 nidis.

259 1574 334 1635 tunc
355 1569 437 1634 iacet
459 1569 545 1635 unda
567 1570 676 1636 maris:
698 1577 811 1637 ventos
834 1570 968 1636 custodit
990 1577 1021 1635 et
1042 1577 1128 1635 arcet

259 1672 375 1738 Aeolus
398 1691 526 1756 egressu
548 1679 751 1757 praestatque
773 1673 941 1758 nepotibus
963 1692 1086 1755 aequor.
1302 1692 1349 1740 175

521 1852 575 1922 25.
597 1856 657 1923 bie
679 1854 833 1938 deicerer
854 1855 891 1923 io
912 1854 1026 1923 botta.

301 1981 435 2046 Nescius
456 1981 632 2066 adsumptis
654 1982 798 2047 Priamus
821 1988 911 2065 pater
932 1982 1074 2046 Aesacon
1096 1979 1154 2044 alie

259 2083 366 2149 vivere
387 2084 530 2168 lugebat3
552 2085 671 2149 tumulo
694 2103 817 2166 quoque
839 2103 953 2149 nomen
976 2082 1105 2148 habenti

258 2185 387 2252 inferias
409 2184 539 2251 dederat
561 2207 631 2251 oum
653 2185 803 2252 fratribus
825 2187 941 2251 Hector
962 2185 1082 2250 inanes.

259 2288 359 2354 defuit
381 2288 483 2354 officio
506 2289 628 2354 Paridis
650 2289 831 2374 praesentia
853 2288 943 2369 tristi,

258 2391 422 2476 postmodo
445 2391 499 2474 qui
520 2398 612 2476 rapta
632 2391 762 2475 longum
784 2410 855 2456 oum
878 2392 1011 2474 coniuge
1033 2391 1149 2456 bellum

258 2494 363 2559 attulit
383 2494 416 2559 in
438 2495 587 2578 patriam3
611 2494 854 2576 coniurataeque
876 2497 1048 2576 sequuntur

258 2596 343 2661 mille
364 2602 448 2662 rates
469 2597 636 2680 gentisque
658 2597 751 2662 simul
774 2615 938 2661 commune
960 2595 1120 2677 Pelasgae.

258 2719 318 2764 neo
339 2699 436 2764 dilata
457 2698 539 2764 foret
560 2698 709 2779 vindicta,
732 2698 794 2764 nisi
816 2717 952 2781 aequora
974 2696 1061 2762 saevi

258 2803 346 2867 invia
366 2802 516 2867 fecissent
538 2802 625 2867 venti
646 2802 827 2883 Boeotaque
850 2801 941 2866 tellus

258 2904 372 2971 Aulide
393 2905 518 2989 piscosa
539 2923 662 2989 puppes
683 2904 836 2969 tenuisset
857 2904 962 2967 ituras.

258 3008 311 3075 hic
331 3009 432 3095 patrio
454 3008 601 3074 demone
623 3007 692 3072 Iovi
714 3026 785 3097 cum
808 3025 897 3072 sacra
919 3010 1091 3091 parassent,

259 3119 293 3177 ut
314 3119 406 3177 vetus
426 3110 568 3176 accensis
590 3109 752 3174 incanduit
774 3109 901 3192 ignibus
922 3128 986 3189 ara,

243 3234 383 3300 serpere
405 3215 581 3279 caeruleum
604 3213 707 3276 Danai
729 3211 838 3276 videre
861 3210 1027 3275 draconem

258 3319 291 3383 in
312 3318 484 3402 platanum,
508 3316 626 3401 coeptis
649 3334 729 3398 quae
753 3315 857 3378 stabat
877 3313 1021 3398 proxima
1043 3312 1147 3377 sacris.

259 3420 352 3486 nidus
374 3426 441 3486 erat
463 3421 622 3485 voluerum
645 3418 695 3483 bis
718 3422 863 3499 quattuor
883 3417 994 3481 arbore
1016 3434 1152 3480 summa:
1318 3432 1350 3479 re

260 3542 338 3606 quas
359 3523 452 3588 simul
473 3528 505 3588 et
527 3529 659 3586 matrem
682 3521 799 3585 circum
822 3539 879 3585 sua
901 3518 1017 3583 damna
1038 3516 1194 3583 volantem

259 3625 406 3709 corripuit
427 3645 556 3709 serpens
578 3622 736 3706 avidoque
757 3620 954 3689 abscondidit
976 3639 1038 3685 orc.

259 3728 437 3812 obstipuere
458 3747 575 3795 omnes.
610 3734 644 3794 at
666 3729 732 3794 veri
753 3725 902 3813 providus
925 3746 1023 3810 augur
