2934 4117
279 171 321 234 96
352 147 355 152 ¹
678 183 910 253 metamorphosin.

434 349 438 355 ’
567 360 621 430 29.
644 362 704 429 ute
726 359 894 428 deuterio
916 360 1018 427 ditos.

321 495 373 557 tuo
388 481 478 557 llutos
493 491 521 555 in
536 491 639 559 &tollen
653 490 692 553 hei
706 493 762 553 bem
777 489 935 571 uorqesoqe
949 490 1064 570 qeloubct
1078 472 1144 564 root}
1164 488 1266 570 melchos
1281 506 1307 549 et

278 588 361 667 [potet
375 587 436 668 noth
451 586 528 666 [einer
543 587 639 650 llmmc
653 584 745 649 dolete
760 586 892 661 bcuounte,
909 585 971 661 tono
987 603 1013 645 et
1028 585 1087 645 bort
1101 585 1148 645 bur
1159 581 1306 645 waratone

278 692 329 744 out
343 682 449 761 &thola
465 681 565 762 mclrhct
581 681 628 757 cul
641 682 684 742 bct
698 678 831 758 helmiche
845 691 896 739 sou
910 675 1003 756 Zrojo,
1020 679 1063 738 ber
1077 678 1172 757 lonqcu
1183 676 1308 754 dulciti

278 776 447 856 theotfilllql
467 774 578 853 tuimet
593 771 699 855 (hcqcub
715 770 924 854 qurfldqcblieheu
940 785 1004 833 root.
1040 769 1129 848 Dicta
1144 770 1238 850 erqthlt
1252 768 1306 848 ihm

200 927 202 931 ,
247 872 387 938 ,non-let
400 867 535 948 gauterio
550 867 633 932 eece.
929 943 932 949 ν

331 980 414 1044 Nate
436 977 506 1059 dea,
529 1017 571 1025 —-
593 997 695 1061 neque
718 977 802 1042 enim
825 975 913 1040 finito
936 975 1034 1039 Marte
1056 971 1217 1038 vocandus

278 1081 377 1148 hostis
399 1101 443 1162 es,
466 1081 585 1162 Aenea,
611 1119 648 1127 —
673 1099 795 1161 moneo,
819 1079 894 1163 fuge
916 1078 1006 1142 litora
1029 1076 1142 1143 Circes.
1221 1100 1223 1104 ·

277 1205 336 1250 nos
358 1174 481 1267 quoque
504 1183 633 1250 Circaeo
655 1184 788 1267 religata
809 1181 842 1246 in
865 1181 954 1246 litore
976 1180 1052 1265 pinu

278 1286 470 1371 Antiphatae
492 1305 647 1351 memores
668 1285 930 1367 immansuetique
953 1282 1100 1366 Cyclopis

277 1391 324 1474 ire
345 1391 550 1474 negabamus,
573 1387 630 1454 sed
652 1394 737 1453 tecta
758 1387 868 1472 ignota
890 1386 996 1452 subire

278 1499 361 1557 sorte
383 1512 491 1558 sumus
512 1492 594 1557 lecti.
632 1511 700 1557 sors
721 1510 773 1556 me
794 1488 955 1573 fidumque
977 1487 1099 1554 Politen

278 1594 550 1679 Eurylochumque
573 1593 664 1659 simul
687 1592 880 1676 nimiumque
902 1593 1059 1677 Elpenora
1079 1592 1153 1657 vino

278 1699 389 1781 hisque
411 1717 525 1763 novem
547 1697 647 1763 socios
671 1696 800 1762 Circaea
822 1694 862 1759 ad
885 1695 1009 1761 moenia
1031 1693 1123 1758 misit.

279 1820 360 1884 qnae
382 1800 475 1867 simul
496 1799 659 1883 attigimus
681 1798 887 1882 stetimusque
909 1797 943 1863 in
964 1797 1073 1861 limine
1095 1796 1179 1878 tecti,

278 1904 362 1968 mille
383 1903 449 1988 lupi
471 1901 625 1985 mixtique
646 1901 729 1986 lupis
751 1902 877 1984 ursique
898 1903 1029 1985 leaeque
1323 1919 1354 1965 ro

278 2027 408 2072 occursu
429 2005 533 2072 iecere
555 2011 682 2070 metum.
717 2004 774 2070 sed
795 2005 881 2069 nulla
902 2002 1043 2069 timenda

277 2111 425 2193 nullaque
448 2115 515 2174 erat
535 2115 641 2174 nostro
664 2107 786 2173 factura
807 2108 841 2173 in
864 2127 990 2192 empore
1013 2107 1135 2171 vulnus.

279 2212 355 2295 quin
378 2212 473 2277 etiarn
495 2211 628 2276 blandas
650 2231 777 2276 movere
798 2232 854 2295 per
875 2218 951 2275 aera
972 2207 1089 2275 caudas

279 2322 446 2399 nostraque
467 2314 633 2380 adulantes
656 2315 806 2379 comitant
828 2315 971 2398 vestigia,
996 2313 1096 2379 donec

280 2418 442 2502 excipiunt
462 2417 599 2482 famulae
622 2437 740 2502 perque
761 2418 842 2482 atria
865 2435 1017 2481 marmore
1039 2421 1123 2480 tecta
1321 2434 1354 2480 15
1452 2466 1453 2533 l

278 2520 319 2584 ad
342 2519 502 2584 dominam
524 2519 650 2585 ducunt.
686 2520 815 2604 pulchro
838 2519 927 2585 sedet
948 2519 1002 2583 illa
1023 2536 1149 2582 recessu
1247 2542 1249 2546 ’

279 2622 404 2689 sublimi
428 2623 504 2687 solio
527 2624 704 2706 pallamque
726 2622 838 2686 induta
859 2622 1012 2687 nitentem

278 2728 406 2811 insuper
428 2733 536 2791 aurato
560 2727 799 2791 circumvelatur
820 2726 946 2790 amictu.

278 2827 436 2895 Nereides
457 2829 688 2914 Nymphaeque
711 2829 814 2911 simul,
838 2848 919 2911 quae
942 2829 1058 2894 vellera
1079 2826 1172 2892 motis

179 3018 180 3027 ἵ
213 3005 217 3011 ,
279 2933 366 2998 nulla
387 2932 515 2996 trahunt
537 2930 644 3016 digitis
666 2952 726 2997 nee
747 2932 802 2996 fila
824 2932 987 3013 sequentia
1010 2929 1140 2995 ducunt:
1322 2916 1363 2995 co

172 3048 177 3057 ‘
279 3034 423 3119 gramina
445 3034 615 3119 disponunt
637 3055 825 3118 sparsosque
848 3035 915 3100 sine
938 3033 1047 3098 ordine
1069 3032 1161 3097 liores

280 3144 447 3205 secernunt
469 3137 600 3203 calathis
622 3138 789 3219 variasque
812 3138 966 3202 coloribus
988 3135 1111 3200 herhas.

279 3242 358 3326 ipsa,
382 3239 465 3324 quod
487 3241 547 3305 hae
569 3240 689 3305 faciunt
712 3261 800 3325 opus,
824 3240 932 3325 exigit,
955 3241 1034 3323 ipsa,
1059 3239 1128 3321 quis
1151 3256 1226 3302 usus
1404 3292 1406 3295 ,

281 3363 383 3426 quove
405 3342 445 3409 sit
466 3343 499 3407 in
522 3342 605 3425 folio,
630 3363 711 3426 qnae
733 3344 774 3408 sit
797 3342 962 3408 concordia
984 3341 1102 3423 mixtis,
1284 3332 1287 3338 ⁴

281 3447 368 3511 novit
390 3452 422 3511 et
443 3445 613 3511 advertens
634 3467 750 3531 pensas
774 3446 934 3510 examinat
956 3445 1079 3510 herhas.
1325 3463 1361 3511 25
1452 3440 1453 3457 ¹

324 3548 412 3614 Haec
433 3549 487 3614 ubi
509 3569 567 3613 nos
589 3549 677 3630 vidit,
702 3549 786 3613 diota
808 3556 1000 3633 acceptaque
1023 3547 1123 3612 salute

282 3649 407 3715 diffudit
428 3652 534 3717 vultus
557 3659 588 3717 et
608 3638 748 3716 reddidit
768 3652 873 3717 omina
895 3652 984 3717 votis.

173 3843 175 3847 Ι
282 3771 341 3817 nec
363 3774 460 3836 mora,
483 3754 606 3819 misceri
628 3755 701 3820 tosti
723 3755 811 3821 iubet
832 3755 950 3821 hordea
971 3754 1062 3840 grani
