2934 4117
499 193 540 248 24.
560 190 626 259 depr
644 190 696 245 out
714 189 831 259 tlthmra

151 367 206 431 illa
227 371 319 431 nocte
342 365 413 447 suit3
438 363 648 447 quoniamque
671 362 825 430 excedere
848 362 934 427 caelo
966 376 971 383 ’

153 489 215 534 non
236 468 333 550 licuit,
357 466 464 532 densis
485 467 567 530 texit
590 486 647 531 sua
668 465 805 531 nubibus
826 485 889 530 ora.

452 706 507 775 24.
531 710 616 789 drus
637 709 702 775 ott
726 708 882 789 alturus.

196 865 273 946 depr,
294 875 336 927 oct
352 864 441 946 dunig
460 879 511 928 sou
525 863 648 945 deoque
673 880 729 926 tour
750 865 796 940 cut
814 863 880 926 dura
900 864 983 943 {rapu
1001 862 1063 944 uoq
1079 863 1182 927 &torus

154 960 185 1038 (l.
202 959 240 1021 tie
257 959 339 1022 duur.
356 977 388 1040 qu
406 959 458 1021 ur.
477 960 530 1038 23)
551 960 751 1039 uquomuuu.
791 957 875 1021 &elur
894 955 1038 1037 &eurulis
1058 955 1181 1036 dlicuom,

154 1052 192 1115 tie
204 1066 265 1116 tour
279 1051 351 1115 dote
365 1052 434 1131 iures
449 1050 549 1116 &otton
564 1052 628 1115 trine
642 1052 776 1116 deuouit
790 1054 865 1129 totta
883 1060 984 1115 rocrtrtr
999 1052 1098 1132 totum
1114 1054 1182 1131 leque

155 1147 245 1228 lddqtiq
261 1148 308 1225 cul
322 1146 384 1226 leina
398 1147 530 1227 illuditis.

198 1290 304 1356 Aeolis
327 1291 449 1356 interea
470 1298 627 1357 tantorum
649 1292 761 1376 ignara
783 1291 933 1356 malorum

156 1395 333 1459 dinumerat
353 1400 471 1460 noctes.
510 1401 541 1459 et
563 1394 636 1476 iam,
659 1414 738 1476 quas
759 1393 870 1459 induat
891 1395 954 1474 ille,

154 1496 283 1563 festinat
304 1505 418 1577 vestes,
441 1497 505 1561 iam
527 1518 615 1580 quas,
638 1498 692 1562 ubi
713 1498 836 1563 venerit
857 1497 918 1578 ille,

155 1600 224 1684 ipsa
245 1606 344 1682 gerat,
367 1599 550 1682 reditusque
572 1600 632 1665 sibi
655 1600 807 1684 promittit
828 1601 948 1665 inanes.

156 1702 299 1767 omnibus
322 1703 375 1766 illa
398 1703 525 1783 quidem
547 1705 668 1787 superis
689 1704 744 1787 pia
765 1711 835 1768 tura
857 1703 987 1783 serebat,

155 1810 229 1869 anto
252 1810 358 1870 tamen
382 1811 510 1870 cunctos
534 1806 662 1870 lunonis
684 1806 801 1890 templa
824 1805 945 1870 colebat

156 1926 274 1990 proque
297 1907 374 1987 viro,
399 1907 452 1989 qui
473 1909 577 1974 nullus
600 1914 674 1989 erat,
697 1908 846 1972 veniebat
869 1907 909 1971 ad
932 1928 1013 1989 arae,

157 2016 251 2092 utque
274 2008 355 2075 foret
377 2030 485 2094 sospes
507 2011 645 2077 coniunx
668 2031 742 2077 suus
764 2016 859 2093 utque
882 2009 1007 2092 rediret,

157 2112 294 2195 optabat,
318 2113 498 2195 nullamque
520 2114 580 2179 sibi
602 2113 782 2197 praeferret.
817 2119 850 2177 at
872 2113 915 2176 illi

157 2214 216 2280 hoc
237 2214 278 2280 de
301 2221 346 2279 tot
368 2216 449 2280 votis
471 2223 594 2301 poterat
617 2217 799 2300 contingere
821 2216 929 2280 solum.

199 2320 242 2382 At
264 2317 325 2383 dea
346 2338 409 2383 non
432 2320 514 2383 ultra
535 2340 590 2404 pro
613 2319 721 2384 functo
743 2325 843 2383 morte
864 2319 967 2402 rogari

157 2421 306 2506 sustinet;
329 2428 426 2504 utque
447 2443 560 2487 manus
582 2422 723 2487 funestas
747 2428 852 2486 arceat
873 2421 945 2501 aris,

157 2516 219 2604 ‘Iri‚
244 2521 344 2590 meae’
367 2524 449 2589 dixit
471 2518 633 2590 ‘fidissima
655 2527 766 2590 nuntia
788 2525 883 2605 vocis,

157 2626 225 2690 vise
247 2627 451 2709 soporiferam
473 2628 580 2694 Somni
603 2629 751 2694 velociter
773 2627 876 2692 aulam

158 2729 368 2812 exstinctique
390 2730 463 2795 iube
487 2731 600 2815 Ceycis
622 2732 761 2815 imagine
782 2731 885 2794 mittat

159 2831 287 2915 Somnia
308 2831 350 2896 ad
371 2834 536 2916 Alcyonen
559 2854 649 2899 veros
671 2834 831 2898 narrantia
854 2827 965 2898 casus³

158 2931 290 2999 dixerat.
324 2934 464 3001 induitur
486 2937 643 3002 velamina
664 2937 749 3001 mille
772 2937 907 3000 colorum

157 3035 217 3101 Iris
240 3043 272 3100 et
295 3045 422 3103 arcuato
445 3039 566 3103 caelum
589 3040 770 3103 curvamine
792 3038 922 3121 signans

160 3144 243 3203 tecta
265 3139 344 3223 petit
366 3140 441 3206 iussi
464 3142 521 3206 sub
545 3145 628 3207 nube
650 3141 780 3205 latentia
802 3140 894 3224 regis.

201 3241 258 3305 Est
279 3262 377 3326 prope
400 3244 582 3309 Cimmerios
605 3245 698 3327 longo
721 3244 871 3327 spelunca
892 3262 1026 3322 recessu,

159 3364 250 3409 mons
273 3364 378 3427 cavus,
400 3346 510 3429 ignavi
533 3346 644 3412 domus
667 3354 698 3411 et
719 3347 894 3431 penetralia
917 3344 1034 3424 Somni,

160 3466 221 3528 quc
242 3468 403 3530 nunquam
426 3449 522 3516 radiis
544 3452 647 3515 oriens
669 3449 832 3514 mediusve
855 3447 1012 3512 cadensve

159 3548 304 3615 Phoebus
327 3550 414 3615 adire
435 3558 547 3635 potest.
572 3553 706 3617 nebulae
729 3552 864 3635 caligine
886 3550 1004 3614 mixtac

160 3652 347 3718 exhalantur
369 3653 463 3720 humo
486 3654 663 3737 dubiaeque
686 3654 869 3739 crepuscula
890 3652 977 3718 lucis.

159 3775 223 3821 non
247 3742 324 3839 uigil
346 3757 411 3824 ales
434 3757 477 3825 ibi
501 3758 619 3822 cristati
642 3760 785 3824 cantibus
808 3757 871 3823 oris
