2934 4117
282 179 342 243 100
678 189 909 261 wetomcrntolen.

278 361 318 451 (ο,
333 368 598 450 dea,—-namque
608 365 684 430 mihi
696 385 766 447 nec,
782 384 863 448 quae
875 363 928 446 sis,
944 363 1048 429 dicere
1060 369 1236 448 promptum
1249 371 1306 445 est,

278 478 310 537 et
330 471 430 553 liquet
453 490 522 536 esse
545 469 638 534 deam
661 507 700 515 —
725 466 795 548 duo,
819 487 838 531 o
860 462 932 532 dno’
954 467 1057 549 inquit
1078 460 1121 532 ‘et
1143 467 1221 531 offer

279 574 420 659 coniugis
442 594 496 639 ora
518 572 604 637 mihi.
644 589 724 654 quae
747 571 774 636 si
796 569 889 636 modo
911 589 1004 654 posse
1026 569 1135 635 videre

279 677 345 742 fata
367 677 465 742 semel
487 674 641 755 dederint,
664 675 785 738 caelum
808 673 969 756 accepisse
991 667 1142 738 videbor’
1322 695 1358 742 ro

279 800 338 845 neo
360 800 456 860 mora,
479 778 647 843 Romuleos
669 797 740 841 cum
762 777 885 860 virgine
907 776 1125 840 Thaumantea

193 931 195 933 ,
278 883 453 967 ingreditur
475 883 578 947 colles.
617 881 662 946 ibi
684 879 772 945 sidus
793 881 834 945 ab
858 878 986 944 aethere
1007 880 1131 963 lapsum

279 986 396 1057 decidit
417 987 451 1050 in
473 992 589 1068 terras;
611 1005 632 1048 a
653 983 742 1048 cuius
763 983 881 1047 lumine
903 982 1041 1066 flagrans

280 1090 416 1155 Hersilia
436 1089 538 1153 aerias
561 1108 632 1152 eum
654 1086 757 1152 sidere
780 1085 874 1151 cessit
896 1086 929 1149 in
952 1105 1054 1151 auras.

280 1192 361 1258 hano
383 1192 529 1257 manibus
550 1191 633 1257 notis
654 1192 816 1255 Romanae
839 1188 980 1254 conditor
1002 1188 1089 1255 urbis
1325 1210 1360 1258 rs

280 1295 398 1380 exeipit
420 1303 452 1360 et
473 1294 610 1379 priscum
631 1293 750 1377 pariter
772 1312 842 1357 cum
865 1312 992 1375 corpore
1014 1311 1128 1356 nomen

280 1403 379 1462 mutat
394 1398 573 1481 Horamque
588 1401 689 1478 vocat,
713 1415 794 1479 quae
810 1413 894 1459 nuno
909 1393 969 1459 dea
985 1395 1091 1458 innota
1106 1393 1236 1470 Quirino
1250 1401 1308 1460 est.

496 1575 548 1646 32.
570 1579 632 1647 bit
653 1577 775 1659 tettan
797 1578 853 1645 tra
874 1575 1096 1659 bothonem.

322 1699 466 1788 ‘Parcite
489 1706 645 1786 mortales,
669 1704 804 1788 dapibus
826 1709 979 1767 temerare
1001 1701 1148 1768 nefandis

280 1810 423 1893 corpora!
447 1815 519 1874 sunt
541 1809 658 1892 fruges,
682 1812 755 1872 sunt
777 1805 966 1872 deducentia
986 1826 1090 1872 ramos

280 1912 419 1996 pondere
441 1932 535 1996 poma
556 1932 612 1977 suo
635 1909 836 1993 tumidaeque
858 1909 890 1973 in
913 1909 1030 1975 ritibus
1052 1929 1142 1992 uvae,

280 2022 354 2080 sunt
375 2015 492 2080 herbae
514 2015 631 2096 dulces,
654 2020 728 2079 sunt
749 2033 831 2097 quae
853 2014 1016 2078 mitescere
1037 2012 1164 2078 flamma

280 2117 455 2201 mollirique
478 2123 602 2201 queant.
647 2137 708 2181 neo
730 2116 820 2181 vobis
842 2117 961 2182 lacteus
983 2135 1072 2180 umor

282 2221 420 2305 eripitur,
443 2240 503 2285 nec
524 2221 618 2285 mella
640 2219 742 2303 thymi
766 2217 939 2283 redolentia
960 2217 1045 2284 flore.

281 2323 414 2408 prodiga
435 2323 562 2388 divitias
584 2323 796 2404 alimentaque
817 2321 906 2386 mitia
927 2322 1018 2386 tellus

282 2426 422 2510 suggerit
444 2431 539 2508 atque
562 2426 670 2509 epulas
692 2425 762 2490 sine
783 2423 881 2489 caede
903 2430 935 2490 et
956 2425 1111 2508 sanguine
1133 2425 1274 2510 praebet:

282 2548 376 2594 carne
399 2528 485 2593 ferae
507 2527 620 2593 sedant
641 2528 768 2609 ieiunia,
792 2547 852 2592 nec
872 2534 979 2593 tamen
1002 2548 1119 2594 omnes.

283 2631 399 2715 quippe
422 2650 521 2713 equus
542 2638 574 2696 et
595 2630 733 2715 pecudes
756 2636 959 2714 armentaque
981 2632 1123 2716 gramine
1146 2632 1265 2695 vivunt.
1332 2651 1363 2698 ro

282 2740 315 2797 at
339 2734 452 2816 quibus
473 2734 635 2818 ingenium
659 2740 706 2800 est
727 2735 1033 2817 immansuetumque
1054 2734 1227 2817 ferumque,

283 2837 451 2901 Armeniae
474 2837 571 2921 tigres
593 2837 798 2919 iracundique
819 2838 926 2902 leones

284 2960 417 3022 cumque
438 2940 521 3024 lupis
543 2942 616 3022 ursi,
640 2940 775 3025 dapibus
798 2961 868 3006 oum
890 2941 1046 3024 sanguine
1067 2940 1217 3025 gaudent.

284 3042 344 3106 heu
368 3050 519 3124 quantum
542 3044 644 3108 scelus
666 3050 714 3108 est
736 3044 770 3108 in
792 3043 916 3108 viscera
937 3044 1060 3109 viscera
1081 3044 1173 3109 condi

284 3151 494 3228 congestoque
515 3145 644 3210 avidum
667 3146 875 3230 pinguescere
897 3167 1025 3231 corpore
1047 3167 1159 3234 eorpus
1333 3165 1365 3212 15

284 3248 472 3331 alteriusque
494 3249 687 3313 animantem
709 3248 880 3314 animantis
902 3249 1009 3314 vivere
1030 3250 1106 3314 leto!

285 3350 403 3415 scilicet
426 3351 458 3415 in
480 3352 577 3417 tantis
599 3351 721 3435 opibus,
745 3372 824 3434 quas
846 3352 964 3436 optima
985 3359 1119 3417 matmm

285 3459 368 3517 terra
390 3459 484 3535 creat,
507 3454 552 3518 nil
574 3460 606 3518 te
627 3454 689 3519 nisi
710 3454 813 3519 tristia
834 3454 983 3521 mandere
1006 3476 1101 3522 saevo

285 3555 416 3619 vulnera
438 3555 532 3622 dente
554 3557 642 3622 iuvat
664 3558 822 3642 rictusque
843 3556 960 3623 referre
982 3559 1179 3643 Cyclopum?

287 3676 354 3737 nec,
378 3657 439 3722 nisi
460 3658 635 3742 perdideris
656 3660 763 3742 alium,
786 3662 912 3745 placare
934 3662 1056 3728 voracis

287 3763 320 3821 ot
341 3760 423 3824 male
445 3762 556 3826 morati
578 3764 694 3846 poteris
716 3765 834 3831 ieiunia
855 3765 997 3830 ventris?
