2934 4117
288 154 349 218 116
598 167 712 237 uteqien:
731 168 753 222 I.
772 167 988 237 Suqeanebiqte.

283 361 402 423 omnes,
426 359 507 424 quae
528 337 646 422 liquido
668 339 790 405 libratis
812 339 845 404 in
867 358 940 405 aere
962 358 1080 421 cursus,

327 451 361 509 tu
383 450 489 509 tamen
511 449 586 508 ante
608 442 695 524 alios,
718 448 819 507 turtur
839 441 950 525 amice,
974 441 1058 508 dole!

283 549 380 634 plena
400 546 460 612 fuit
482 546 572 612 vobis
594 546 680 611 omni
702 544 870 611 eoncordia
891 545 966 628 vita,

327 656 360 716 et
381 650 468 715 stetit
488 648 530 714 ad
551 648 649 715 finem
670 650 768 733 longa
783 652 948 732 'tenaxque
969 647 1064 714 fides:

286 752 370 836 quod
391 752 452 817 fuit
473 752 619 836 Argohoo
640 752 765 817 iuvenis
787 751 930 817 Phoceus
952 750 1092 833 Orestae,

327 856 387 922 hoo
409 855 477 937 tibi,
499 855 575 921 dum
596 855 693 937 licuit,
716 855 860 939 psittace,
882 860 983 919 turtur
1007 860 1081 919 erat.

209 946 211 949 ⁵
286 958 362 1043 quid
384 965 490 1024 tamen
512 958 574 1023 ista
595 957 684 1040 fides,
708 952 785 1040 quid
806 957 868 1022 rari
891 956 991 1023 forma
1014 956 1133 1038 coloris,

329 1061 405 1146 quid
427 1081 490 1127 vox
513 1060 673 1126 mutandis
694 1060 860 1143 ingeniosa
881 1060 976 1143 sonis,

286 1164 362 1250 quid
383 1166 481 1247 iuvat,
503 1171 539 1229 ut
561 1163 653 1228 datus
675 1183 719 1246 es,
743 1170 867 1230 nostrae
889 1162 1044 1248 placuisse
1067 1162 1213 1247 puellae?

328 1268 450 1348 infelix,
473 1267 579 1333 avium
602 1267 711 1350 gloria,
733 1287 850 1351 nempe
871 1267 969 1333 iaces!

286 1378 320 1436 tu
341 1375 467 1455 poteras
488 1370 617 1454 fragiles
639 1369 746 1454 pinnis
767 1370 917 1435 hebetare
938 1368 1122 1453 smaragdos

328 1475 428 1539 tincta
448 1492 565 1558 gerens
585 1474 679 1538 rubro
702 1472 824 1538 Punica
844 1478 945 1538 rostra
967 1491 1066 1537 croco.

287 1597 351 1642 non
373 1576 433 1641 fuit
454 1576 488 1640 in
510 1575 601 1641 terris
623 1595 736 1641 vocum
759 1575 954 1640 simulantior
975 1576 1058 1640 ales:

329 1678 485 1744 reddebas
507 1678 614 1744 blaeso
637 1685 701 1743 tam
724 1679 807 1745 bene
829 1680 927 1744 verba
950 1679 1039 1744 sono!

287 1787 395 1866 raptus
417 1801 451 1847 es
473 1780 607 1846 invidia:
631 1801 694 1846 non
716 1787 751 1846 tu
773 1780 841 1845 fera
861 1781 945 1846 bella
966 1780 1132 1866 movebas3

330 1883 473 1967 garrulus
496 1889 528 1948 et
549 1882 692 1967 placidae
715 1883 803 1968 pacis
825 1889 947 1948 amator
969 1902 1047 1948 eras.

288 2006 370 2068 ecce,
393 1985 570 2052 coturnices
590 1986 672 2052 inter
694 2005 752 2051 sua
773 1986 893 2070 proelia
913 1986 1033 2069 vivunt,

330 2089 461 2155 forsitan
484 2095 516 2154 et
537 2088 616 2153 fiant
637 2088 712 2154 inde
734 2090 915 2171 frequenter
936 2107 1025 2153 anus.

288 2192 400 2278 plenus
423 2211 492 2258 eras
514 2192 643 2258 minimo
666 2211 725 2257 neo
747 2211 823 2277 prae
845 2193 997 2257 sermonis
1020 2212 1126 2259 amore

330 2296 364 2360 in
386 2296 499 2361 multos
521 2301 646 2379 poteras
668 2314 723 2360 ora
744 2314 859 2360 vacare
881 2295 980 2379 oibos;

289 2419 355 2464 nux
377 2404 445 2463 erat
467 2417 541 2463 esca
561 2397 620 2464 tibi
642 2417 819 2480 causaeque
841 2418 1001 2482 papavera
1024 2397 1134 2480 somni,

332 2500 532 2586 pellebatque
554 2500 640 2566 sitim
662 2500 813 2585 simplicis
835 2521 924 2566 umor
945 2520 1054 2583 aquae.

289 2603 369 2669 vivit
391 2602 473 2668 edax
496 2604 600 2668 vultur
622 2602 803 2686 ducensque
824 2623 881 2687 per
902 2623 978 2668 aera
998 2622 1095 2687 gyros

333 2707 447 2772 miluus
469 2713 501 2773 et
522 2707 648 2791 pluviae
669 2707 816 2791 gracmus
838 2711 946 2772 auctor
967 2725 1083 2790 aquae;

290 2810 370 2875 vivit
392 2816 423 2875 et
443 2808 611 2875 armiferae
633 2810 743 2875 cornix
765 2810 869 2875 invisa
890 2810 1060 2891 Minervae,

331 2913 387 2978 illa
409 2912 534 2995 quidem
558 2913 670 2978 saeclis
691 2913 748 2977 vix
770 2913 919 2978 moritura
941 2932 1069 2978 novem:

290 3015 404 3082 occidit
424 3016 479 3080 illa
500 3016 617 3099 loquax
638 3015 796 3081 humanae
818 3016 904 3082 vocis
926 3017 1040 3100 imago,

333 3120 495 3204 psittacus,
519 3125 660 3185 extremo
683 3138 797 3184 munus
819 3120 860 3183 ab
883 3121 958 3185 orbe
980 3119 1103 3183 datum!
1194 3134 1197 3137 ‘

291 3223 409 3308 optima
430 3222 533 3307 prima
554 3222 621 3288 fere
643 3223 791 3287 manibus
813 3223 975 3307 rapiuntur
998 3222 1112 3303 avaris,

332 3325 500 3410 implentur
522 3325 661 3390 numeris
682 3324 839 3390 deteriora
859 3325 937 3390 suis:

291 3427 393 3494 tristia
413 3427 608 3512 Phylacidae
629 3428 790 3493 Thersites
812 3427 923 3492 funera
945 3426 1033 3507 vidit,

334 3528 460 3613 iamque
482 3529 561 3596 cinis
583 3529 666 3595 vivis
688 3530 837 3596 iratribus
859 3531 975 3595 Hector
998 3535 1072 3594 erat.

293 3631 368 3714 quid
390 3631 523 3697 referam
546 3630 676 3696 timidae
697 3652 754 3717 pro
775 3638 808 3697 te
829 3632 883 3718 pia
904 3638 979 3698 vota
1001 3631 1133 3716 puellae,

336 3741 410 3799 vota
431 3735 602 3818 procelloso
624 3754 680 3818 per
702 3755 788 3799 mare
811 3742 901 3819 rapta
922 3734 1027 3800 Noto?
