2934 4117
341 162 382 215 as.
401 159 456 214 nc
472 157 558 216 acen
575 173 619 214 um
637 159 675 214 ue
693 159 792 228 uasa
810 162 854 216 uec
871 162 983 231 aslues.
1132 147 1174 210 93

148 331 351 414 diversasque
372 352 461 397 ursas
483 331 680 416 nitidumque
702 332 826 400 Orionis
849 354 965 401 ensem.

148 434 231 518 quid,
255 434 339 519 qnod
361 455 411 500 me
433 434 503 499 duri
525 435 698 520 fugientem
720 457 851 502 munera
871 438 947 504 belli
1188 458 1239 508 310

92 583 96 587 ‚
147 540 250 622 arguit
271 538 396 623 incepto
419 559 523 604 serum
544 539 715 606 accessisse
737 541 836 606 labori

147 662 205 707 nec
227 662 262 708 se
283 643 484 725 magnanimo
507 641 695 708 maledicere
717 645 813 709 sentit
835 645 971 711 Achilli?

147 746 172 810 si
196 745 360 810 simulasse
382 765 477 811 vocas
499 745 626 827 crimen,
650 747 865 814 simulavimus
887 750 995 833 ambo;

147 850 172 913 si
196 869 282 914 mora
302 869 359 932 pro
382 849 474 932 culpa
496 855 553 930 est,
577 868 635 933 ego
657 869 727 914 sum
749 851 898 915 maturior
919 851 981 916 illo.

147 971 197 1016 me
218 951 272 1035 pia
293 950 428 1016 detinuit
450 951 598 1032 coniunx,
621 952 675 1035 pia
696 959 797 1017 mater
818 950 981 1036 Achillem,

146 1054 308 1139 primaque
329 1060 403 1125 sunt
424 1053 485 1119 illis
508 1052 583 1119 data
604 1061 755 1139 tempora,
779 1062 882 1121 cetera
903 1056 1002 1122 vobis.

146 1156 230 1221 hand
253 1156 357 1238 timeo,
381 1157 407 1222 si
429 1157 492 1222 iam
514 1177 669 1239 nequeam
692 1157 872 1240 defendere,
896 1158 1013 1223 crimen

148 1280 217 1324 cnm
239 1266 326 1324 tanto
349 1279 513 1325 commune
536 1260 611 1325 viro.
646 1260 819 1345 deprensus
842 1261 945 1327 Ulixis

146 1363 272 1446 ingenio
294 1369 402 1427 tamen
424 1362 486 1443 ille,
509 1369 543 1428 at
565 1383 627 1428 non
650 1363 756 1429 Aiacis
779 1363 898 1430 Ulixes.

146 1485 227 1531 neve
248 1465 282 1529 in
303 1484 355 1530 me
376 1463 509 1530 stolidae
532 1465 674 1530 convicia
695 1465 827 1531 fundere
849 1466 975 1550 linguae

146 1567 334 1634 admiremur
357 1587 437 1648 eum,
460 1569 551 1634 vobis
573 1588 697 1651 quoque
719 1567 818 1652 digna
838 1567 956 1653 pudore

146 1671 249 1736 obicit.
283 1691 326 1735 an
348 1671 427 1736 falso
449 1670 640 1736 Palameden
664 1672 793 1736 crimine
814 1677 906 1756 turpe
928 1677 976 1736 est

146 1793 310 1839 accusasse
331 1773 418 1854 mihi,
441 1774 532 1840 vobis
554 1773 722 1840 damnasse
745 1773 913 1840 decorum?

146 1876 203 1943 sed
223 1895 326 1958 neque
347 1874 542 1959 Naupliades
565 1875 687 1940 facinus
709 1875 879 1940 defendere
901 1882 1022 1940 tantum

146 1988 272 2062 tamque
293 1984 406 2063 patens
428 1979 536 2058 valuit,
559 1998 619 2042 nec
641 1998 705 2043 vos·
718 1977 851 2043 audistis
873 1979 906 2043 in
928 1980 981 2044 illo

147 2083 288 2147 erimina:
312 2080 436 2146 vidistis
457 2088 643 2165 praestoque
666 2082 789 2147 obiecta
810 2082 972 2165 patebant.

146 2205 205 2250 nec
226 2183 442 2249 Poeantiaden
465 2182 548 2266 quod
569 2183 666 2249 habet
687 2184 839 2249 Volcania
861 2185 1007 2265 Lemnos,

147 2309 215 2354 esse
236 2307 308 2353 reus
329 2288 442 2351 merui:
466 2286 584 2351 factum
607 2285 768 2351 defendite
790 2295 943 2370 vestrum;

147 2389 347 2456 consensistis
370 2389 462 2453 enim.
501 2409 560 2454 nec
582 2408 633 2454 me
655 2389 791 2455 suasisse
813 2390 947 2472 negabc,

145 2500 180 2558 ut
202 2513 236 2558 se
259 2491 455 2558 subtraheret
477 2492 614 2579 bellique
635 2492 769 2575 viaeque
790 2490 889 2558 labori

145 2602 373 2679 temptaretque
396 2594 479 2660 feros
501 2595 609 2677 requie
630 2594 721 2659 finire
744 2592 873 2659 dolores.

144 2699 249 2782 paruit
271 2703 302 2763 et
323 2697 411 2762 vivit.
446 2718 509 2762 non
532 2697 610 2762 haec
632 2697 790 2762 sententia
811 2704 933 2762 tantum

144 2800 218 2883 fida,
242 2799 298 2865 sed
321 2808 353 2864 et
375 2800 461 2881 felix,
486 2821 556 2865 cum
578 2800 618 2865 sit
640 2800 717 2865 satis
740 2819 809 2865 esse
830 2799 964 2865 fidelem.

144 2924 238 2987 quem
262 2903 408 2986 qnoniam
431 2909 521 2967 vates
543 2901 679 2967 delenda
699 2901 741 2967 ad
763 2902 919 2986 Pergama
940 2908 1082 2985 poscunt,

142 3026 186 3071 ne
207 3005 355 3070 mandate
377 3005 468 3069 mihi:
490 3005 601 3070 mehus
622 3004 824 3070 Telamonius
844 3005 903 3069 ibit

143 3109 329 3191 eloquioque
350 3108 452 3172 virum
474 3108 651 3190 morbisque
672 3107 783 3189 iraque
803 3107 960 3172 furentem

142 3212 270 3291 molliet,
293 3216 349 3275 aut
370 3210 476 3292 aliqua
497 3210 648 3294 producet
670 3208 801 3274 callidus
823 3216 899 3275 arte.

141 3321 218 3378 ante
239 3321 321 3378 retro
344 3313 460 3379 Simois
481 3311 557 3376 fluet
580 3319 611 3376 et
632 3311 701 3377 sine
723 3311 886 3377 frondibus
907 3310 964 3375 Ide

142 3417 239 3481 stabit
262 3422 293 3480 et
314 3415 467 3479 auxilium
489 3415 648 3498 promittet
669 3414 790 3480 Achaia
812 3414 933 3494 Troiae,

142 3539 247 3601 quam,
271 3524 415 3582 cessante
436 3536 506 3581 meo
528 3537 584 3600 pro
606 3518 719 3582 vestris
741 3523 867 3601 pectore
888 3518 992 3598 rebus,

141 3621 249 3686 Aiacis
271 3618 375 3685 stolidi
398 3618 519 3683 Danais
541 3619 678 3684 sollertia
699 3620 806 3703 prosit.

140 3724 186 3788 sis
206 3722 281 3787 licet
303 3722 435 3787 infestus
458 3721 549 3787 sociis
571 3722 699 3806 regique
721 3721 870 3805 mihique,
