2934 4117
360 149 400 201 00.
420 144 474 199 eet
491 144 576 200 ecee
595 159 638 198 um
657 143 695 198 ue
713 142 813 210 moyen
833 145 876 197 us
894 143 1006 210 uqsue.
1156 123 1197 189 89

173 338 231 383 nee
253 319 357 383 minus
379 325 427 384 est
448 318 508 383 isto
530 318 651 383 Teucer
672 316 822 400 patruelis
843 316 966 380 Achilli.

173 441 247 485 num
269 422 349 506 petit
370 421 423 486 ille
445 421 573 486 tamen?
596 441 671 484 num
694 420 720 485 si
743 425 840 504 petat,
863 420 986 484 auferat
1007 418 1083 483 illa?

214 525 298 608 Ergo
320 543 449 608 operum
472 524 619 608 quoniam
644 522 762 587 nudum
786 529 943 587 certamen
967 521 1108 600 habetur,
1216 539 1264 587 110

172 628 262 712 plura
285 627 410 710 quidem
432 626 504 709 feci,
528 647 622 710 quam
644 646 724 710 qnae
748 625 970 710 comprendere
993 624 1084 690 dictis

174 731 373 815 inpromptu
395 729 472 794 mihi
494 731 549 794 sit:
572 750 674 795 rerum
698 735 804 794 tamen
818 728 936 823 ordine
959 727 1064 792 ducar.

173 833 316 916 praescia
337 833 461 898 venturi
483 833 629 916 genetrix
653 834 773 897 Nereia
794 832 848 896 leti

174 934 349 1001 dissimulat
372 936 455 1001 cultu
477 942 601 1020 natum;
626 942 657 1000 et
679 935 848 1019 deceperat
869 955 989 1016 omnes,

173 1039 207 1102 in
230 1039 343 1120 quibus
366 1039 506 1119 Aiacem,
530 1045 673 1122 sumptae
696 1038 823 1102 fallacia
845 1038 951 1104 vestis.

174 1160 264 1204 arma
286 1160 345 1224 ego
367 1140 513 1206 femineis
534 1142 673 1205 animum
696 1148 818 1205 motura
839 1141 960 1206 virilem

175 1243 330 1309 mercibus
351 1244 477 1309 inserui.
512 1264 613 1327 neque
636 1243 740 1309 adhuc
762 1243 935 1328 proiecerat
958 1243 1049 1309 heros

176 1346 335 1430 virgineos
356 1346 493 1428 habitus,
517 1367 586 1412 cum
609 1367 750 1431 parmam
772 1346 957 1429 hastamque
979 1345 1101 1412 terrenti

178 1455 269 1534 „nate
292 1448 384 1529 dea“,
407 1449 474 1513 dixi
498 1449 575 1536 ,tibi
598 1469 632 1515 se
654 1451 792 1534 peritura
813 1454 976 1516 reservant

175 1552 342 1635 Pergama!
367 1551 441 1634 quid
464 1551 590 1618 dubitas
611 1552 773 1636 ingentem
797 1561 936 1618 evertere
958 1549 1125 1620 Tr·oiam,?“

175 1654 329 1736 iniecique
352 1675 479 1719 manum
502 1655 677 1738 fortemque
699 1654 857 1720 adsertio
879 1656 959 1720 misi.

176 1776 250 1840 ergo
273 1777 368 1841 opera
389 1757 472 1823 illius
493 1778 565 1822 mea
587 1765 673 1823 sunt:
698 1778 756 1842 ego
779 1758 940 1843 Telephon
962 1758 1054 1823 hasta

175 1865 369 1943 pugnantem
392 1859 497 1925 domui
519 1861 637 1925 victum
660 1867 863 1950 orantemque
885 1860 997 1945 refeci;

177 1960 260 2043 quod
281 1961 411 2027 Thebae
433 1962 584 2043 cecidere,
606 1983 710 2027 meum
734 1969 795 2047 est;
818 1983 869 2028 me
893 1963 1010 2028 credite
1033 1963 1167 2041 Lesbon,

176 2083 226 2128 me
248 2063 398 2129 Tenedon
421 2065 628 2149 Chrysenque
651 2072 682 2131 et
705 2066 816 2146 Cillan,
838 2066 992 2151 Apollinis
1014 2065 1117 2145 urbes,
1220 2082 1268 2128 100

177 2173 208 2230 et
230 2167 364 2250 Scyrum
379 2167 521 2259 cepisse;
544 2189 615 2234 mea
638 2189 790 2234 concussa
811 2176 920 2253 putate

176 2269 378 2354 procubuisse
400 2271 465 2338 solo
487 2270 642 2355 Lyrnesia
664 2272 789 2337 moenia
810 2271 932 2338 dextra.

176 2379 274 2454 utque
297 2373 374 2437 01100
398 2380 528 2455 taceam,
553 2374 606 2456 qui
628 2394 758 2439 saevum
781 2373 912 2459 perdere
934 2381 1040 2460 posset

176 2475 321 2557 Hectora,
345 2495 459 2559 nempe
482 2475 568 2542 dedi:
592 2497 648 2561 per
670 2497 720 2542 me
743 2476 825 2542 iacet
846 2478 971 2542 inclitus
993 2479 1116 2542 Hector.

176 2577 237 2642 illis
260 2576 339 2642 haec
360 2578 465 2659 armis,
489 2579 602 2662 quibus
625 2586 674 2644 est
694 2580 843 2645 inventus
864 2578 1013 2661 Achilles,
1222 2599 1269 2646 100

176 2700 265 2744 arma
286 2686 373 2765 peto:
397 2681 470 2745 vivo
493 2680 651 2763 dederam,
675 2690 745 2767 post
767 2682 834 2747 fata
855 2702 993 2767 reposco.

219 2782 263 2848 Ut
285 2782 372 2848 dolor
393 2782 486 2848 unius
507 2784 635 2850 Danaos
657 2785 865 2869 pervenitad
887 2805 995 2850 omnes

177 2885 354 2969 Aulidaque
376 2886 546 2951 Euboicam
570 2888 764 2969 complerunt
785 2888 870 2953 mille
893 2888 1027 2969 carinae,

177 2994 362 3071 exspectata
383 2987 446 3070 diu,
470 2990 555 3054 nulla
577 2998 632 3054 aut
654 2991 809 3056 contraria
832 2990 923 3056 classi

177 3089 305 3155 flamina
327 3097 425 3173 erant,
449 3091 606 3175 duraeque
629 3092 739 3157 iubent
760 3094 999 3177 Agamemnona
1021 3099 1120 3158 sortes
1219 3114 1270 3162 000

176 3193 365 3258 immeritam
387 3214 502 3260 saevae
525 3202 632 3259 natam
654 3202 794 3262 mactare
815 3196 945 3261 Dianae.

178 3294 315 3380 denegat
336 3295 396 3362 hoc
417 3298 540 3380 genitor
562 3297 707 3381 divisque
729 3298 873 3364 irascitur
894 3299 971 3383 ipsis

176 3403 272 3479 atque
294 3398 327 3463 in
350 3419 425 3484 rege
448 3406 553 3465 tamen
576 3408 665 3485 pater
687 3407 744 3467 est.
784 3421 842 3485 ego
865 3401 941 3467 mite
963 3401 1102 3484 parentis

177 3500 339 3583 ingenium
361 3501 467 3568 verbis
488 3501 530 3567 ad
552 3503 677 3588 publica
700 3503 863 3569 commoda
884 3505 972 3568 verti.

177 3601 260 3667 hanc
283 3602 428 3686 equidem
451 3605 560 3687 fateor,
584 3605 730 3689 fassoque
752 3607 896 3690 ignoscat
918 3605 1054 3684 Atrides,
1220 3623 1269 3668 000

178 3704 338 3770 difficilem
362 3707 450 3772 tenui
471 3708 530 3772 sub
553 3709 660 3792 iniquo
682 3709 788 3775 iudice
810 3727 947 3774 causam.
