2934 4117
525 163 567 216 24.
587 160 653 230 drop
670 159 723 215 unt
742 158 859 230 werrae.

177 353 261 398 nunc
281 332 398 400 absens
419 333 509 417 perii,
531 333 629 400 iactor
652 354 775 418 quoque
797 332 944 400 fluctibus
965 334 1090 414 absens,

177 442 209 499 et
230 434 300 501 sine
321 455 372 500 me
394 454 445 499 me
466 441 581 520 pontus
603 435 707 502 habet.
743 434 896 500 crudelior
916 435 985 520 ipso

177 539 218 602 sit
238 537 315 603 mihi
338 557 427 603 mens
448 538 572 622 pelago,
595 539 623 604 si
644 539 744 604 vitam
766 538 880 604 ducere
902 539 985 603 nitar
1223 559 1271 606 rao

177 641 301 724 longius
323 645 356 704 et
377 646 465 705 tanto
487 660 625 725 pugnem
648 660 812 725 superesse
835 640 941 706 dolori.

177 743 233 808 sed
254 762 357 826 neque
378 744 538 829 pugnabo,
560 763 620 808 neo
642 750 684 825 te,
708 742 896 825 miserande,
919 743 1094 827 relinquam

177 852 209 911 et
230 846 288 912 tibi
310 866 396 911 nunc
417 847 529 912 saltem
551 847 678 911 veniam
700 866 819 932 comes3
841 846 938 928 inque
959 848 1111 931 sepulcro,

176 950 203 1015 si
225 970 289 1015 non
311 969 400 1030 urna,
423 955 530 1014 tamen
552 949 663 1033 iunget
683 970 742 1014 nos
764 950 882 1033 littera,
905 948 1017 1014 sinon

177 1052 298 1119 ossibus
320 1073 392 1118 ossa
413 1053 502 1134 meis,
524 1058 559 1117 at
580 1072 694 1141 nomen
717 1051 844 1118 nomine
866 1049 1018 1135 tangam'
1223 1071 1272 1120 rae

176 1157 267 1241 plura
289 1155 375 1220 dolor
396 1154 541 1241 prohibet
562 1156 722 1238 verboque
743 1155 913 1220 intervenit
934 1155 1018 1220 omni
1122 1172 1124 1177 ·

178 1260 317 1343 plangor,
341 1266 372 1323 et
393 1259 526 1324 attonito
549 1259 685 1342 gemitus
705 1279 726 1324 a
749 1258 842 1324 corde
863 1258 1036 1324 trahuntur.

219 1363 312 1428 Mane
335 1368 415 1447 erat3
439 1360 598 1446 egreditur
619 1361 710 1427 tectis
732 1361 775 1426 ad
796 1362 869 1427 litus
891 1367 924 1426 et
944 1361 1032 1426 illum

177 1471 297 1530 maesta
317 1465 419 1530 locum
440 1465 563 1549 repetit,
587 1463 627 1529 de
650 1485 710 1547 quo
733 1470 890 1548 spectarat
912 1470 1048 1529 euntem.

176 1567 313 1650 dumque
335 1574 472 1633 moratur
493 1567 547 1649 ibi,
570 1566 708 1650 dumque
730 1560 793 1632 ‘hic
813 1566 986 1632 retinacula
1008 1566 1110 1648 solvit,
1222 1586 1270 1635 uro

176 1671 235 1736 hoc
257 1671 334 1735 mihi
356 1670 523 1737 discedens
545 1669 633 1735 dedit
655 1671 762 1736 oscula
782 1666 881 1736 litore'
904 1670 989 1752 dicit,

176 1774 339 1858 prospicit:
361 1774 395 1838 in
417 1772 537 1856 liquida
558 1774 660 1858 spatio
682 1773 820 1839 distante
841 1778 945 1838 tuetur

177 1877 283 1943 nescio
306 1875 381 1960 quid
403 1877 494 1960 quasi
516 1896 628 1961 corpus
649 1896 741 1958 aqua.
770 1877 942 1961 primoque,
966 1875 1041 1958 quid
1063 1876 1139 1941 illud

177 1985 268 2061 esset,
292 1985 358 2044 erat
380 1978 518 2045 dubium.
554 1987 718 2064 postquam
741 1980 869 2064 paulum
890 1980 1011 2064 appulit
1033 1977 1128 2059 unda,

177 2089 217 2165 et,
241 2083 385 2165 quamvis
406 2082 525 2164 aberat,
560 2102 672 2167 corpus
693 2090 800 2148 tamen
824 2102 893 2148 esse
915 2083 1064 2165 liquebat,
1222 2101 1269 2150 rra

178 2186 230 2269 qui
251 2186 341 2266 foret,
365 2185 521 2270 ignorans,
545 2185 620 2268 quia
641 2185 824 2270 naufragus,
847 2185 952 2251 omine
974 2190 1059 2249 mota
1082 2191 1130 2250 est

177 2295 217 2371 et,
240 2294 401 2370 tamquam
423 2289 530 2371 ignoto
552 2289 712 2353 lacrimam
734 2287 833 2370 daret,
856 2281 942 2353 ‘heul
966 2283 1082 2368 miser,’
1103 2286 1205 2368 inquit

176 2385 329 2474 ‘quisquis
351 2411 394 2474 es,
418 2398 450 2456 et
471 2392 563 2473 siqua
585 2398 633 2456 est
655 2391 794 2456 coniunx
816 2385 899 2455 tibil’
932 2389 1078 2455 fluctibus
1100 2394 1205 2452 actum

175 2495 212 2559 fit
232 2494 360 2578 propius
382 2514 502 2578 corpus.
538 2493 621 2577 quod
644 2514 704 2576 quo
726 2494 829 2578 magis
850 2494 904 2558 illa
926 2499 1037 2573 tuetur,

176 2596 236 2661 hoc
257 2596 361 2663 minus
383 2602 415 2662 et
436 2597 539 2662 minus
562 2603 610 2662 est
631 2596 756 2679 mentis,
778 2597 842 2661 iam
863 2596 989 2679 iamque
1011 2593 1205 2679 propinquae
1220 2615 1269 2664 150

175 2699 335 2764 admotum
357 2705 467 2781 terrae,
490 2700 554 2764 iam
577 2699 661 2782 quod
683 2719 872 2784 cognoscere
894 2705 1009 2784 posset,

177 2802 290 2867 cernit:
313 2809 381 2868 erat
403 2803 549 2868 coniunx.
581 2796 644 2868 ‘ille
666 2798 740 2869 estl'
763 2802 920 2868 exclamat
942 2808 973 2866 et
995 2821 1058 2866 una

177 2926 239 2986 cra,
263 2925 377 2987 comas,
401 2912 521 2971 vestem
543 2905 660 2970 lacerat
681 2903 877 2988 tendensque
899 2909 1069 2968 trementes

176 3006 217 3072 ad
241 3007 348 3091 Ceyca
369 3027 481 3073 manus
502 3001 569 3089 ‘sic,
592 3027 610 3072 o
633 3007 792 3073 canssime
815 3007 962 3087 coniunx,
1050 3036 1052 3041 >

177 3111 222 3175 sic
242 3110 285 3174 ad
306 3129 367 3192 me,
390 3110 577 3191 miserande,
600 3104 717 3175 redisl‘
739 3110 791 3174 ait.
826 3108 950 3174 adiacet
971 3107 1064 3174 undis
1220 3127 1269 3180 loo
1368 3127 1370 3130 ’

176 3212 259 3277 lacta
282 3233 379 3277 manu
401 3214 509 3293 moles,
533 3232 614 3295 quae
636 3212 754 3297 primas
776 3212 921 3295 aequoris
942 3211 1005 3277 iras

176 3315 294 3399 frangit
317 3322 349 3381 et
370 3316 514 3380 incursus
537 3336 617 3397 quae
640 3314 855 3401 praedelassat
877 3332 1035 3397 aquarum.

175 3419 273 3485 insilit
294 3419 371 3504 huc;
393 3419 569 3500 mirumque
591 3419 651 3485 luit
673 3419 825 3504 potuisse;
850 3417 976 3484 volabat

175 3524 414 3607 percutiensque
436 3522 539 3587 levem
561 3521 653 3588 modo
676 3522 759 3588 natis
781 3529 856 3587 ae‘ra
877 3520 990 3606 pennis

176 3627 351 3710 stringebat
373 3644 511 3691 summas
533 3624 599 3690 ales
620 3624 808 3690 miserabilis
830 3623 940 3689 undas.
1220 3639 1269 3690 100

177 3728 313 3812 dumque
336 3728 430 3809 volat,
454 3734 573 3792 maesto
596 3727 729 3794 similem
750 3729 941 3812 plenumque
964 3724 1113 3808 querelae
