2934 4117
489 205 512 257 3.
538 202 587 258 uir
605 200 893 270 biterneciummlnuq.

176 395 268 456 quam
292 374 351 438 fnit
373 374 426 438 illa
447 374 524 439 Iovi.
570 375 623 457 qui
646 381 810 459 postquam
833 394 910 439 voce
934 393 1090 456 manuque

175 497 333 541 murmura
355 477 548 561 compressit,
570 483 700 542 tenuere
722 477 847 542 silentia
869 478 983 542 cuncti.

175 580 314 645 substitit
335 586 370 644 ut
392 581 508 645 clamor
528 600 655 664 pressus
676 580 832 665 gravitate
853 581 1002 664 regentis,
1217 600 1250 647 re

176 685 316 767 luppiter
337 684 397 748 hoc
418 684 531 749 iterum
553 703 696 750 sermone
718 684 844 749 silentia
865 685 962 767 rupit:
1079 671 1082 678 ’

176 779 237 850 ‘ille
260 786 386 868 quidem
408 806 527 870 poenas
549 823 592 834 -
613 806 720 851 curam
742 786 825 851 banc
846 785 994 852 dimittite
1016 825 1057 833 -
1080 785 1181 851 solvit.

176 889 259 970 quod
279 896 386 954 tamen
409 889 590 970 admissum,
614 909 695 972 quae
717 889 759 955 sit
780 889 931 971 vindicta,
954 890 1081 955 docebo.

176 993 349 1076 contigerat
371 998 494 1057 nostras
515 992 648 1056 infamia
669 992 818 1076 temporis
840 1012 939 1058 aures.

176 1116 269 1177 quam
291 1096 421 1179 cupiens
442 1095 555 1161 falsam
577 1116 698 1161 summo
720 1095 850 1161 delabor
872 1095 1008 1181 Olympo
1218 1114 1252 1162 oo

176 1205 207 1262 et
229 1198 307 1264 deus
328 1199 467 1263 hnmana
488 1199 585 1264 lustro
607 1200 665 1264 sub
688 1199 828 1283 imagine
850 1205 958 1264 terras.

175 1301 270 1385 longa
291 1322 378 1368 mora
400 1309 458 1383 est,
482 1308 633 1385 quantum
654 1322 759 1367 noxae
781 1303 822 1369 sit
843 1303 960 1386 ubique
982 1310 1149 1388 repertum,

176 1424 371 1469 enumerare:
394 1405 496 1469 minor
517 1405 577 1469 fnit
598 1406 668 1489 ipsa
688 1405 821 1470 infamia
842 1426 924 1472 vero.

175 1507 321 1572 Maenala
342 1507 527 1573 transieram
548 1507 678 1573 latebris
700 1507 857 1574 horrenda
878 1508 1015 1574 ferarum

176 1617 208 1675 et
229 1631 299 1674 cnm
322 1611 455 1694 Cyllene
476 1610 574 1693 gelidi
595 1611 704 1695 pineta
724 1612 852 1694 Lycaei.

175 1713 308 1778 Arcadis
330 1712 405 1779 binc
426 1712 518 1779 sedes
541 1719 572 1778 et
593 1713 753 1797 inhospita
774 1720 858 1779 tecta
879 1717 1006 1798 tyranni

175 1816 344 1901 ingredior,
367 1816 528 1882 traherent
550 1837 621 1881 cnm
643 1837 714 1883 sera
735 1819 918 1901 crepuscula
939 1825 1071 1884 noctem.

176 1920 268 2003 signa
290 1918 364 1984 dedi
386 1920 511 1986 venisse
533 1918 637 2001 deum,
659 1921 835 2003 vulgusque
856 1921 978 2004 precari

61 2057 65 2063 ·
177 2030 331 2107 coeperat,
354 2022 463 2089 irridet
483 2023 584 2108 primo
606 2023 660 2108 pia
680 2030 756 2089 vota
776 2025 920 2109 Lycaun;
1016 2030 1024 2046 ‘

176 2147 250 2190 mox
273 2126 331 2191 ait:
356 2127 530 2212 „experiaq
553 2126 632 2192 deus
654 2127 714 2208 bic,
739 2126 919 2193 discrimine
940 2134 1058 2212 aperto,

176 2251 217 2293 an
240 2229 280 2294 sit
302 2230 450 2295 mortalis.
474 2231 614 2295 necarit
636 2229 809 2295 dubitabile
831 2233 970 2295 verum.“

176 2339 268 2397 nocte
290 2352 421 2415 gravem
444 2352 552 2399 somno
574 2334 730 2417 necopina
752 2333 884 2418 perdere
905 2340 1004 2399 morte

176 2456 228 2501 me
250 2441 353 2520 parat:
377 2436 457 2501 baec
478 2437 522 2500 illi
544 2435 648 2520 placet
670 2436 867 2520 experientia
888 2437 965 2501 veri.

176 2559 237 2604 nec
259 2544 425 2604 contentus
447 2560 484 2604 eo
507 2548 568 2605 est:
591 2541 678 2605 missi
701 2540 742 2605 de
764 2547 859 2624 gente
881 2540 1016 2606 Molossa

177 2640 296 2706 obsidis
318 2641 411 2707 unius
433 2642 571 2725 iugulum
595 2662 743 2707 mucrone
765 2643 893 2707 resolvit

177 2751 272 2826 atque
294 2744 339 2808 ita
362 2744 535 2810 semineces
556 2745 670 2829 partim
692 2745 888 2810 ferventibus
909 2752 995 2810 artus

142 2902 146 2911 .
177 2846 276 2911 mollit
297 2847 398 2930 aquis,
420 2849 534 2931 partim
557 2848 697 2913 subiecto
719 2849 829 2913 torruit
850 2849 925 2932 igni.

178 2970 256 3033 quos
278 2951 370 3017 simul
391 2952 541 3036 imposuit
563 2953 690 3034 mensis,
714 2972 773 3036 ego
795 2952 921 3016 vindice
943 2952 1070 3018 flamma

177 3054 210 3118 in
232 3053 359 3119 domino
381 3052 494 3138 dignos
516 3056 614 3120 everti
636 3062 720 3120 tecta
742 3063 882 3139 penates.

177 3156 303 3221 territus
325 3157 393 3240 ipse
415 3157 497 3241 fugit
518 3165 691 3240 nactusque
713 3160 839 3225 silentia
860 3159 940 3223 ruris

178 3260 319 3324 exululat
340 3260 517 3343 frustraque
539 3262 623 3343 loqui
646 3268 788 3327 conatur:
810 3264 852 3327 ab
875 3263 942 3346 ipso

178 3362 296 3447 colligit
317 3383 352 3428 os
372 3364 502 3445 rabiem,
526 3365 697 3446 solitaeque
720 3364 867 3449 cupidine
890 3364 995 3430 caedis

178 3466 310 3531 vertitur
331 3466 365 3530 in
386 3466 525 3550 pecudes
548 3474 579 3531 et
600 3488 684 3532 nnnc
706 3488 829 3550 qunque
851 3468 1005 3552 sangnine
1026 3467 1150 3552 gaudet.

177 3567 211 3632 in
234 3568 325 3634 villos
346 3570 466 3635 abeunt
488 3577 602 3653 vestes,
625 3572 658 3635 in
682 3592 772 3636 crura
794 3573 917 3637 lacerti:

178 3670 214 3734 fit
231 3671 328 3755 lupus
350 3677 382 3737 et
403 3672 520 3738 veteris
541 3680 646 3739 servat
668 3674 803 3764 yestigia
824 3676 952 3740 turmae.

180 3773 312 3842 canities
333 3773 445 3842 eadem
468 3783 525 3860 est,
548 3776 659 3843 eadem
682 3778 831 3844 violentia
852 3779 965 3859 vultus,
