2934 4117
233 90 292 154 152
563 103 677 170 plegient
697 103 747 155 llI.
767 101 925 170 blaqetietes.

245 346 252 354 ,
272 277 434 363 mixtaque
457 295 526 339 eum
551 274 651 338 ealido
674 273 715 339 sit
737 273 814 338 faba
835 273 927 355 farre,
950 275 1065 358 rogas?

48 416 55 426 ι
165 430 167 433 v
229 382 334 466 prisea
356 380 417 468 (lea
439 386 487 444 est
509 379 663 460 aliturque
686 377 775 458 eibis,
799 377 912 459 quibus
934 384 1009 443 ante
1031 378 1162 458 solebat,

159 482 168 495 ‘
205 533 208 538 .
233 496 247 511 ·'
273 494 332 550 nee
354 476 434 568 petit
449 482 593 548 adscitas
615 480 777 546 luxuriosa
798 479 907 564 dapes.

29 619 32 625 ·
63 565 68 632 ἶ
121 626 125 632 -
165 582 169 605 ⁷
198 610 208 628 ·
230 587 325 672 piseis
347 574 452 652 adluis
472 585 519 651 illi
540 586 655 669 populo
678 583 747 650 sine
768 583 881 648 fraude
902 584 1043 667 natabat,

274 697 439 772 ostreaque
461 690 494 753 iu
519 688 645 755 eonehis
668 694 736 753 tuta
758 687 845 752 luere
868 687 946 752 suis:

231 813 290 858 neo
311 793 436 858 Latium
459 799 559 873 norat,
582 812 676 874 quam
698 792 830 875 praebet
851 791 942 856 Ionia
963 790 1062 872 dives,

246 909 248 912 ⁴
274 916 343 977 neo,
366 915 447 978 quae
469 896 631 979 Pygmaeo
653 894 808 977 sanguine
830 892 958 976 gaudet,
981 913 1087 958 avem:

232 1006 263 1065 et
285 1001 409 1083 praeter
430 1019 552 1084 pennas
575 999 654 1063 nihil
675 998 717 1061 in.
730 998 1033 1082 pavoneplaeebat,

274 1122 334 1167 nee
355 1102 454 1168 Delus
476 1122 571 1186 eapos
592 1101 720 1166 miserat
742 1106 817 1165 aute
838 1100 930 1165 feros.

232 1225 286 1271 sus
309 1206 430 1270 eratin
452 1206 566 1290 preti03
590 1223 684 1270 eaesa
706 1223 762 1269 sue
784 1200 868 1268 festa
891 1204 1042 1269 solebant.

275 1318 359 1375 terra
380 1309 472 1373 fabas
495 1314 617 1372 tantum
639 1307 780 1390 duraque
802 1306 888 1372 farra
910 1305 1015 1372 dabat.

233 1433 314 1495 quae
336 1411 398 1476 duo
420 1413 521 1476 mixta
543 1412 635 1476 simul
657 1411 757 1476 sextis
780 1411 969 1492 quicumque
991 1410 1145 1476 Kalendis

276 1514 385 1596 ederit,
408 1515 481 1579 huie
503 1514 587 1579 laedi
609 1515 732 1583 viscera
754 1534 847 1597 posse
869 1520 996 1598 negant.

410 1833 482 1908 ΙΠ.
520 1835 614 1910 blut
649 1837 727 1911 ten
763 1833 1089 1932 stloqeliebern

610 1970 693 2056 (libri
717 1971 891 2055 Tristium).

549 2186 577 2254 1.
601 2188 747 2270 atrata
771 2205 835 2256 tot
856 2188 950 2257 boat.

237 2341 316 2406 Cum
340 2340 424 2406 subit
445 2342 529 2405 illius
551 2340 730 2405 tristissima
752 2341 854 2406 noetis
876 2342 992 2426 image,

279 2463 343 2525 qua
364 2442 442 2508 mihi
463 2462 644 2527 supremum
666 2449 791 2527 tempus
813 2444 846 2509 in
869 2445 947 2509 urbe
969 2444 1038 2525 fuit,

237 2566 307 2612 oum
329 2552 436 2630 repeto
458 2552 592 2628 noctem,
616 2567 679 2628 qua
701 2553 748 2611 tot
769 2547 847 2611 milri
870 2567 943 2613 eara
964 2548 1085 2629 reliqui,

278 2649 396 2713 labitur
417 2668 458 2713 ex
481 2648 579 2715 oeulis
601 2670 686 2715 nune
709 2670 833 2732 quoque
854 2657 946 2735 gutta
967 2651 1054 2716 meis.

236 2754 301 2818 iam
323 2772 421 2836 prope
442 2753 498 2817 lux
520 2751 640 2834 aderat,
665 2773 727 2835 qua
749 2772 800 2817 me
823 2753 985 2819 discedere
1008 2754 1126 2821 Caesar

279 2855 396 2920 finibus
419 2860 581 2920 extremae
602 2855 737 2921 iusserat
760 2856 929 2923 Ausoniae.

238 2979 297 3025 neo
319 2958 455 3043 spatium
477 2957 589 3039 fuerat,
612 2977 672 3023 nee
693 2979 783 3025 mens
806 2959 883 3025 satis
905 2966 982 3044 apta
1002 2960 1149 3046 parandi:

280 3048 463 3146 torpuerant
484 3061 580 3145 longa
601 3066 730 3146 peetora
751 3068 860 3127 nostra
880 3083 976 3127 mora.

239 3185 302 3229 non
324 3164 401 3230 mihi
424 3183 595 3246 servorum,
619 3164 749 3230 eomites
773 3184 837 3229 non
860 3185 935 3230 eura
956 3165 1092 3250 legendi,

282 3289 345 3334 non
368 3274 462 3351 aptae
484 3267 617 3351 profugo
639 3266 738 3333 vestis
760 3268 870 3351 opisve
891 3269 960 3334 fuit.

238 3392 302 3437 non
324 3372 414 3436 aliter
437 3370 551 3454 stupui,
576 3390 671 3452 quam
693 3371 748 3453 qui
770 3371 854 3436 Iovis
876 3371 1002 3455 ignibus
1025 3372 1105 3438 iotus

282 3474 363 3538 vivit
384 3480 417 3538 et
439 3479 487 3538 est
508 3473 593 3537 vitae
614 3474 741 3538 nescius
763 3474 831 3558 ipse
854 3494 938 3541 suae.

241 3582 276 3639 ut
296 3583 403 3640 tamen
425 3575 509 3639 hane
531 3575 628 3640 animi
649 3578 768 3642 nubem
791 3576 877 3642 dolor
900 3579 968 3663 ipse
991 3578 1124 3644 removit

285 3684 316 3740 et
338 3677 466 3741 tandem
489 3698 600 3743 sensus
623 3681 811 3744 eonvaluere
834 3682 906 3762 mei,
