2934 4117
598 177 639 230 14.
663 172 753 229 iliobc.
1151 157 1194 220 43

168 352 228 434 suth
243 369 274 432 pr
289 350 382 428 abac,
403 354 446 414 bet
461 348 579 431 euuigin
596 361 649 411 tou
662 346 775 428 Theben,
796 348 882 430 matthe
900 347 929 410 in
947 347 1015 427 ihrer
1029 346 1137 429 {lugeam
1157 345 1195 409 bie

167 444 282 527 brahae
296 446 389 509 lmntu
405 445 500 527 geleta
514 445 588 522 hotta

210 554 315 639 Lydia
336 560 402 621 tota
422 553 537 635 fremit,
560 553 782 639 Phrygiaeque
803 572 860 637 per
881 550 998 636 oppida
1019 549 1095 616 facti

165 679 271 724 rumor
292 658 317 722 it
339 663 370 722 et
391 677 542 740 magnum
564 656 760 722 sermonibus
780 661 913 739 occupat
934 655 1051 720 orbem.

166 769 241 828 ante
263 781 337 827 snos
358 761 461 827 Niobe
483 759 638 825 thalamos
660 764 851 843 cognoverat
871 758 968 839 illam,

166 871 234 929 tum
257 884 328 929 cum
349 863 526 929 Maeoniam
548 863 638 946 virgo
660 862 867 945 Sipylumque
890 861 1026 945 colebat;

166 987 227 1032 nec
248 973 355 1031 tamen
377 965 540 1033 mmonita
562 971 610 1031 est
631 984 734 1049 poena
755 963 915 1048 popularis
937 963 1099 1028 Arachnes
1226 985 1243 1032 a

167 1069 280 1135 cedere
302 1069 467 1134 caelitibus
489 1069 657 1151 verbisque
679 1068 852 1133 minoribus
873 1068 928 1132 uti.

166 1172 267 1237 multa
288 1171 407 1236 dabant
428 1171 566 1238 animos:
588 1170 646 1236 sed
668 1170 752 1235 enim
774 1190 834 1235 nec
856 1169 998 1252 coniugis
1019 1173 1103 1233 artes

166 1295 227 1341 nec
248 1293 349 1358 genus
371 1276 534 1341 amborum
556 1273 726 1358 magnique
747 1273 889 1358 potentia
910 1272 999 1355 regni

168 1378 214 1443 sic
234 1378 381 1463 placuere
402 1376 458 1458 illi,
482 1377 626 1458 quamvis
648 1396 687 1441 ea
708 1382 823 1442 cuneta
843 1376 1013 1460 placerent,

167 1486 203 1546 ut
225 1500 283 1546 sua
304 1480 480 1565 progenies.
504 1486 536 1544 et
557 1478 739 1544 felicissima
760 1485 894 1543 manum

167 1582 254 1649 dicta
274 1581 354 1648 soret
375 1582 487 1663 Niobe,
511 1582 538 1648 si
559 1602 622 1647 non
646 1581 707 1647 sihi
728 1582 798 1647 risa
819 1580 940 1646 fuisset.

169 1706 244 1751 nam
266 1691 336 1751 sata
356 1684 478 1750 Tiresia
498 1685 623 1749 venturi
644 1684 789 1769 praescia
809 1683 916 1748 Manto

169 1808 226 1873 per
246 1786 367 1853 medias
389 1787 492 1853 fuerat
513 1786 622 1853 divino
645 1786 768 1853 concita
789 1793 874 1851 motu

169 1891 342 1957 vaticinata
362 1891 446 1957 vias:
469 1885 664 1970 ‘Ismenides
687 1890 731 1956 ite
753 1890 934 1973 frequentes

169 2000 202 2060 et
223 1993 297 2059 date
318 1995 458 2059 Latonae
479 1993 747 2078 Latonigenisque
768 1993 890 2058 dnobus
1010 1981 1012 1985 ’

171 2117 241 2163 cum
264 2116 358 2181 prece
379 2103 449 2162 tura
470 2098 525 2181 pia
546 2096 695 2178 lauroque
716 2096 868 2162 innectite
890 2096 1021 2161 crinem!

169 2220 224 2266 ore
245 2220 315 2265 meo
337 2201 459 2265 Latona
481 2195 589 2265 iubet.³
610 2206 747 2283 paretur,
771 2205 802 2263 et
823 2218 932 2264 omnes

168 2302 349 2368 Thebaides
371 2303 465 2368 iussis
486 2323 544 2368 sua
566 2309 706 2386 tempora
728 2301 891 2367 frondibus
913 2308 1026 2367 ornant
1133 2347 1137 2355 -

169 2412 303 2488 turaque
324 2405 402 2471 dant
424 2404 541 2472 sanctis
564 2413 596 2470 et
617 2406 715 2470 verba
737 2405 900 2490 precantia
921 2403 1064 2468 flammis.

213 2508 296 2573 Ecce
317 2509 405 2574 venit
427 2509 576 2574 comitum
596 2508 699 2574 Niobe
721 2507 923 2574 celeberrima
945 2508 1046 2587 turba,
1212 2528 1246 2577 ao

170 2612 312 2678 vestibus
333 2612 456 2678 intexto
478 2612 627 2695 Phrygiis
649 2611 830 2696 spectabilis
851 2630 928 2676 auro

171 2722 212 2796 et,
235 2721 387 2798 quantum
409 2717 456 2780 ira
478 2716 562 2797 sinit,
584 2715 734 2800 formosa3
758 2733 950 2796 movensque
973 2712 1085 2778 decoro

171 2838 242 2882 cum
265 2818 367 2902 eapite
389 2819 544 2884 immissos
566 2838 708 2884 umerum
729 2837 787 2902 per
808 2824 973 2899 utrumque
995 2815 1123 2899 capillos

171 2920 317 2987 constitit.
341 2930 438 3004 utque
460 2922 565 2987 oculos
587 2918 774 2986 circumtulit
795 2921 860 2984 alta
881 2919 1041 3003 superbos,

170 3017 252 3106 ‘quis
274 3023 367 3104 furor,
390 3020 525 3089 auditos'
546 3023 649 3105 inquit
670 3016 873 3108 ‘praeponere
896 3022 972 3087 visis
1212 3044 1244 3090 25

171 3127 347 3193 caelestes?
369 3133 424 3191 aut
446 3147 501 3192 cur
523 3127 632 3192 colitur
653 3128 776 3192 Latona
797 3146 853 3210 per
874 3145 956 3206 aras,

170 3248 289 3293 numen
307 3229 411 3294 adhuc
430 3230 498 3295 sine
517 3236 585 3295 ture
605 3249 710 3294 meum
725 3230 794 3294 est?
814 3227 892 3293 mihi
910 3228 1062 3293 Tantalus
1081 3232 1197 3306 auctor,

171 3331 222 3396 cui
243 3330 330 3395 licuit
353 3332 409 3397 soli
432 3352 614 3416 superorum
636 3338 767 3414 tangere
789 3350 927 3415 mensas;

170 3433 334 3499 Pleiadum
356 3454 440 3500 soror
463 3442 511 3500 est
531 3435 678 3519 genetrix
700 3455 784 3518 mea3
807 3435 964 3499 maximus
985 3434 1074 3498 Atlas

167 3543 222 3603 est
243 3556 331 3619 avus,
353 3537 528 3604 aetherium
551 3540 605 3622 qui
627 3539 688 3604 lert
710 3539 885 3605 cervicibus
905 3557 1014 3621 axem;
1211 3556 1248 3606 ac

171 3639 312 3724 Iuppiter
334 3642 413 3706 alter
434 3662 527 3708 avus:
550 3662 656 3708 socero
679 3662 802 3724 quoque
824 3641 938 3726 glorior
959 3640 1020 3705 illo.

173 3760 225 3807 me
246 3751 357 3827 gentes
379 3750 522 3810 metuunt
544 3744 712 3830 Phrygiae,
736 3764 786 3809 me
808 3745 896 3830 regia
918 3741 1031 3810 Cadmi
