2934 4117
565 113 603 166 18.
622 109 678 177 &eft
696 110 739 163 bet
758 108 854 164 butus.

211 283 384 372 ‚pontibus
405 281 545 347 infirmos
566 281 792 366 praecipitasse
814 300 914 347 senes.

192 384 323 470 Thybri,
347 385 425 452 duee
447 404 565 450 verum.
589 391 645 450 tua
665 385 736 469 ripa
757 384 910 450 vetustior
931 384 1009 450 urbe
1032 391 1093 450 est:

236 488 424 573 principium
446 487 523 553 ritus
544 493 578 553 tu
599 488 681 553 bene
703 507 797 555 nesse
817 494 916 572 potes.

192 590 331 676 Thybris
353 590 589 656 harundiferum
611 590 715 657 medio
738 597 833 678 eaput
855 590 969 657 extulit
990 589 1081 656 alveo

236 713 393 776 raucaque
415 693 548 759 dimovit
569 695 686 761 talibus
708 715 764 759 ora
786 694 884 762 sonis:

196 796 283 889 ‘haee
303 797 374 862 loca
395 795 537 862 desertas
558 796 625 862 vidi
647 798 717 863 sine
738 797 902 864 moenibus
924 796 1053 880 herbas3

235 899 387 986 paseebat
409 919 535 985 sparsas
557 908 690 983 utraque
711 900 781 985 ripa
802 900 909 966 boves.

195 1010 226 1068 et
249 1023 341 1086 quem
364 1022 448 1067 nune
470 1007 582 1086 gentes
604 1002 745 1067 Tiberim
767 1010 944 1086 noruntque
967 1003 1150 1085 timentque,

237 1113 313 1171 tune
334 1105 429 1171 etiam
451 1105 557 1190 peeori
580 1105 803 1191 despiciendus
825 1125 920 1173 eram.

194 1208 327 1276 Arcadis
348 1208 490 1274 Euandri
512 1229 628 1276 nomen
650 1210 709 1274 tibi
730 1229 827 1294 saepe
848 1208 994 1274 refertur:

237 1312 290 1378 ille
311 1332 398 1378 meas
420 1312 515 1378 remis
535 1311 662 1379 advena
683 1313 773 1379 torsit
794 1332 903 1396 aquas.

196 1415 283 1481 venit
305 1421 336 1481 et
357 1414 485 1481 Aleides
507 1416 601 1482 turba
623 1417 789 1483 comitatus
810 1416 943 1482 Aehiva.

236 1518 362 1599 Albula,
385 1518 412 1583 si
434 1518 572 1601 memini,
595 1525 671 1585 tune
692 1519 770 1584 mihi
792 1539 907 1585 nomeu
930 1526 1006 1585 erat.

196 1620 314 1706 exeipit
335 1620 470 1707 hospitio
492 1622 639 1687 iuvenem
661 1623 835 1690 Pallantius
856 1621 959 1704 heros,

238 1731 270 1791 et
291 1723 420 1790 tandem
444 1726 526 1791 daeo
549 1725 657 1791 debita
678 1746 782 1812 poena
804 1725 871 1791 fuit.

195 1827 295 1892 vietor
317 1827 385 1892 abit
406 1847 575 1912 senumque
596 1831 704 1911 boves,
726 1829 902 1914 Erytheida
924 1828 1084 1915 praedam,

238 1929 401 1996 abstrahit.
425 1938 459 1997 at
481 1931 611 1998 comites
633 1932 757 2017 longius
779 1933 824 1998 ire
845 1940 973 2018 negant.

196 2053 375 2118 magnaque
397 2053 471 2118 pars
493 2033 603 2099 horum
626 2034 759 2100 desertis
780 2042 912 2101 venerat
933 2035 1040 2120 Argis:

239 2137 397 2203 mentibus
419 2137 469 2203 his
491 2145 613 2223 ponunt
635 2159 786 2223 spemque
808 2140 984 2223 Laremque
1006 2161 1105 2206 suum.

197 2260 292 2325 saepe
314 2248 421 2306 tamen
443 2242 565 2325 patriae
588 2240 671 2307 dulei
695 2250 867 2327 tanguntur
889 2263 1004 2324 amore,

239 2352 335 2428 atque
356 2345 469 2428 aliquis
492 2346 629 2413 moriens
652 2347 711 2412 ben
732 2348 830 2412 breve
851 2347 982 2412 mandat
1004 2364 1095 2432 epus:

198 2446 331 2513 “mittite
354 2469 404 2514 me
426 2448 460 2514 iu
482 2449 631 2532 Tiberim,
654 2449 812 2516 Tiberinis
835 2456 944 2518 veetus
966 2457 1001 2516 ut
1024 2450 1116 2516 undis

239 2550 314 2615 btus
335 2550 378 2618 ad
399 2550 565 2617 Inachium
586 2552 692 2638 pulvis
714 2553 818 2618 inanis
841 2557 940 2619 eam.''
1023 2596 1025 2599 v

198 2653 343 2738 displicet
363 2653 473 2721 heredi
494 2654 636 2721 mandati
658 2676 734 2722 eura
754 2656 902 2741 sepulcri:

240 2762 381 2825 mortuus
402 2757 544 2824 Ausonia
565 2758 709 2825 conditur
730 2757 846 2844 hospes
868 2759 973 2843 hume,

198 2859 321 2944 seirpea
341 2879 398 2947 pro
421 2860 548 2927 dominu
570 2863 676 2928 Tiberi
697 2863 832 2928 laetatur
854 2864 968 2948 image,
1085 2946 1087 2951 Δ

241 2969 276 3028 ut
297 2971 419 3048 repetat
441 2964 554 3031 Graias
575 2986 632 3050 per
653 2966 736 3032 treta
756 2967 853 3051 longa
874 2966 1003 3033 domos’

198 3065 359 3132 haetenus.
383 3074 418 3133 ut
440 3068 536 3135 subiit
558 3069 631 3135 vivo
654 3070 793 3136 rorantia
815 3090 894 3136 saxu

241 3175 342 3252 antra,
365 3170 452 3238 leves
474 3191 598 3238 eursum
621 3172 801 3240 restituistis
822 3192 933 3255 aquae.

396 3331 448 3403 18.
470 3338 537 3405 bet
560 3334 589 3404 1.
612 3338 714 3406 sunt.
738 3337 807 3419 ,tet
829 3339 886 3404 tet
908 3339 1031 3406 derue.

199 3461 304 3526 Prima
326 3459 394 3527 dies
416 3462 483 3544 tibi,
507 3463 621 3546 Carra,
644 3462 746 3528 datur.
770 3463 832 3530 dea
853 3463 990 3530 cardinis
1012 3465 1092 3531 haee
1114 3472 1175 3530 est:

242 3563 370 3629 numine
394 3564 500 3630 clausa
521 3566 632 3651 aperit,
657 3566 774 3631 claudit
795 3573 906 3651 aperta
928 3587 992 3634 sue.

199 3666 331 3751 pinguia
353 3687 407 3732 eur
428 3667 490 3732 illis
511 3674 676 3752 gustentur
698 3668 787 3735 larda
808 3669 962 3737 Kalendis
