2934 4117
581 187 604 239 3.
624 182 808 238 burmeutuiio.

184 357 253 441 ipsa
274 377 376 438 mone,
400 377 481 439 quae
503 378 618 422 nomen
640 356 740 423 habes
762 378 782 422 a
804 357 943 423 carmine
965 356 1102 439 ductum,

225 460 445 544 propositoque
467 460 550 543 fave,
573 480 615 526 ne
636 467 709 526 tuus
731 466 814 526 erret
835 460 943 526 honor.

183 569 251 627 orta
273 562 358 647 prior
379 563 454 628 luna
475 601 518 611 -
540 563 581 629 de
603 584 637 629 εθ
660 565 686 629 si
710 563 846 629 creditur
867 564 928 649 ipsi
952 603 993 613 —

225 686 246 730 a
267 686 383 750 magno
405 667 496 731 tellus
518 666 641 732 Arcade
663 687 778 732 nomen
800 667 905 733 babet.

182 767 234 833 hic
255 766 316 833 fuit
336 768 493 850 Euander,
517 769 580 852 qui,
603 789 794 852 quamquam
817 771 918 835 clarus
941 776 1081 855 utroque,

226 871 357 937 nobilior
379 891 487 937 sacrae
509 873 663 957 sanguine
685 874 794 938 matris
817 878 892 938 erat.

183 993 265 1056 quae
286 974 378 1039 simul
399 974 556 1041 aetherios
577 976 683 1041 animo
707 982 893 1061 conceperat
915 977 1015 1061 ignes,

226 1097 279 1142 ore
300 1076 397 1143 dabat
418 1078 513 1162 pleno
535 1079 674 1143 carmina
696 1099 772 1145 vera
794 1079 854 1144 dei.

183 1179 308 1245 dixerat
329 1181 409 1247 baec
430 1188 505 1248 nato
528 1189 630 1248 motus
652 1184 771 1249 instare
793 1183 916 1266 sibique

226 1284 386 1365 multaque
408 1290 581 1369 praeterea,
605 1291 746 1371 tempore
768 1293 862 1351 nacta
883 1286 988 1353 fidem.

183 1406 258 1450 nam
280 1386 403 1451 iuvenis
425 1387 555 1452 nimium
578 1408 654 1453 vera
676 1410 747 1453 cnm
770 1396 869 1454 matre
892 1390 1020 1474 fugatus

227 1488 343 1554 deserit
363 1488 532 1554 Arcadiam
554 1492 818 1574 Parrhasiumque
840 1493 947 1557 larem.

184 1590 234 1655 cui
255 1591 402 1676 genetrix
423 1591 511 1657 flenti
534 1586 670 1658 ‘fortuna
690 1589 831 1660 viriliter'
854 1594 964 1677 inquit,
988 1633 1031 1644 —-

227 1686 323 1776 ‘sista
346 1714 465 1778 precor,
488 1695 647 1761 lacrimas!
670 1735 714 1744 —
735 1696 798 1762 ista
819 1695 951 1762 ferenda
973 1697 1030 1762 tibi
1053 1701 1109 1762 θεῖ.

184 1796 230 1862 εἰθ
252 1797 374 1862 eratin
397 1797 479 1862 fatis.
525 1817 586 1864 nec
608 1805 640 1864 te
661 1806 716 1865 tua
739 1800 831 1885 culpa
852 1800 985 1884 fugavit,

227 1898 284 1964 sed
305 1898 397 1965 deus:
421 1902 541 1966 offenso
562 1903 671 1987 pulsus
693 1922 728 1968 es
751 1904 828 1968 urbe
850 1903 918 1968 deo.

184 2023 248 2068 non
270 2003 372 2068 meriti
394 2024 529 2088 poenam
551 2005 679 2089 pateris,
702 2005 759 2070 sed
781 2006 919 2071 numinis
940 2006 1029 2071 iram.

228 2111 277 2171 θεῖ
297 2106 417 2190 aliquid
439 2107 564 2191 magnis
587 2108 705 2173 crimen
728 2109 841 2173 abesse
863 2109 963 2174 malis.

185 2208 311 2275 muscia
332 2229 421 2275 mens
443 2216 478 2275 ut
501 2210 612 2292 cuique
635 2230 692 2276 sna
714 2217 772 2293 est,
794 2211 840 2276 ita
862 2212 997 2297 concipit
1018 2212 1102 2277 intra

227 2318 356 2397 pectora
376 2333 431 2397 pro
454 2312 538 2379 facto
560 2333 711 2398 spemque
732 2320 913 2396 metumque
935 2334 1000 2380 sno.

185 2436 246 2481 nec
266 2421 373 2480 tamen
396 2421 430 2481 ut
451 2417 571 2500 primus
593 2436 699 2482 maere
721 2418 805 2482 mala
826 2417 902 2482 talia
923 2437 1049 2502 passus:

228 2518 331 2584 obruit
352 2518 499 2603 ingentes
519 2519 580 2584 ista
601 2520 738 2605 procella
760 2520 853 2586 viros

186 2641 297 2706 passus
318 2620 412 2702 idem,
435 2622 542 2705 Tyriis
564 2623 617 2704 qui
640 2623 798 2706 quondam
820 2624 929 2709 pulsus
950 2625 991 2690 ab
1015 2624 1077 2691 oris

230 2723 367 2790 Cadmus
389 2724 422 2788 in
444 2725 547 2790 Aonia
568 2726 706 2792 constitit
728 2727 819 2791 exsul
840 2727 948 2793 humo:

186 2847 298 2913 passus
318 2827 403 2892 idem
424 2828 555 2913 Tydeus
578 2836 610 2894 ct
630 2828 716 2895 idem
738 2818 920 2914 Pagasaeus
942 2832 1046 2913 Iason,

230 2938 262 2996 et
283 2950 361 3015 quos
382 2938 545 3016 praeterea
566 2933 662 3018 longa
682 2934 799 2999 referre
822 2954 910 2999 mora
932 2941 987 3000 θεῖ.

187 3054 279 3100 omne
300 3034 399 3099 solum
422 3034 494 3100 forti
516 3036 619 3120 patria
640 3041 697 3120 est,
719 3043 756 3101 ut
776 3037 915 3121 piscibus
936 3057 1062 3121 aequor,

230 3143 265 3201 nt
286 3137 414 3219 volueri,
437 3158 536 3204 vacuo
560 3139 709 3223 quioquid
730 3139 763 3203 in
786 3141 862 3205 orbe
883 3146 979 3225 patet.

187 3260 247 3305 neo
268 3239 336 3305 fera
357 3245 528 3325 tempestas
549 3248 615 3307 toto
638 3248 745 3308 tamen
768 3242 872 3308 horret
893 3243 927 3308 in
949 3263 1047 3308 anno:

231 3349 263 3407 et
284 3342 342 3407 tibi
364 3380 406 3390 -
429 3343 522 3409 crede
543 3344 634 3410 mihi!
658 3383 699 3393 -
722 3351 865 3431 tempora
886 3346 970 3412 reris
992 3342 1104 3412 erunt?

188 3446 318 3511 vocibus
339 3445 488 3511 Euander
508 3446 633 3512 firmata
654 3455 760 3514 mente
781 3449 921 3534 parentis

231 3567 314 3614 nare
336 3555 423 3613 secat
444 3548 558 3615 fluetus
580 3551 829 3636 Hesperiamque
852 3558 947 3618 tenet.

188 3650 314 3732 iamque
336 3657 435 3716 ratem
459 3651 571 3719 doctae
593 3655 713 3720 monitu
736 3656 913 3722 Carmentis
934 3656 968 3720 in
989 3675 1114 3720 amnem
1233 3674 1265 3721 aa

233 3760 340 3837 egerat
363 3761 394 3819 et
416 3755 528 3821 iberis
550 3757 662 3822 obvius
683 3758 752 3823 ibat
773 3759 879 3843 aquis:
