2934 4117
633 150 747 220 discito:
766 151 802 206 ΙΙ,
822 150 919 219 polteo.

450 373 502 444 16.
525 378 593 445 ber
615 374 666 444 12.
689 376 801 459 blasti.
836 375 918 445 tabi
940 375 1099 446 (tortoles.

594 497 687 576 (binah
710 500 753 559 bat
775 497 956 577 ilrolapino.)

259 633 308 695 lln
332 632 454 698 Cereris
476 630 551 697 ludi.
586 651 650 697 non
673 638 721 697 est
743 652 822 717 opus
844 632 949 698 indice
970 651 1098 697 causae:

302 741 414 818 sponte
436 733 516 800 deae
539 755 653 800 munus
675 735 940 820 promeritumque
962 741 1058 819 patet.

259 837 351 921 panis
374 844 441 902 erat
462 838 570 923 primis
594 838 709 903 virides
731 839 914 904 mortalibus
936 838 1063 921 herbae,

224 962 227 965 ’
302 960 381 1024 quas
402 941 494 1006 tellus
516 943 600 1007 nullo
623 942 810 1007 sollicitante
832 942 937 1008 dabat.

260 1050 292 1109 et
313 1043 406 1110 modo
428 1045 600 1129 carpebant
622 1044 720 1109 vivax
744 1065 762 1110 c
784 1047 921 1130 caespite
943 1065 1084 1130 gramen,

303 1166 387 1212 nunc
409 1149 520 1231 epulae
543 1154 652 1213 tenera
674 1148 786 1214 lronde
809 1168 958 1214 cacumen
982 1154 1079 1213 erant.

260 1249 422 1336 postmodo
443 1251 536 1335 glans
558 1259 634 1316 nata
657 1258 713 1318 est.
737 1252 821 1317 hene
843 1259 911 1318 erat
932 1253 995 1317 iam
1018 1251 1134 1336 glande
1157 1259 1292 1335 reperta,

303 1352 443 1436 duraque
464 1353 649 1438 magnificas
671 1375 804 1437 quercus
826 1354 965 1421 habebat
987 1373 1070 1439 opes.

259 1458 362 1542 prima
384 1457 480 1523 Ocres
502 1457 628 1522 homine
649 1458 692 1523 ad
714 1459 843 1523 meliora
864 1457 1015 1522 alimenta
1036 1464 1147 1522 vocato

304 1559 437 1625 mutavit
457 1559 591 1645 glandes
612 1560 734 1626 utiliore
758 1561 836 1627 cibo.
1313 1579 1345 1626 ro

261 1663 314 1727 illa
334 1663 408 1746 iugo
430 1669 537 1728 tauros
559 1664 671 1728 collum
693 1665 845 1748 praebere
868 1665 983 1747 coegit:

304 1772 380 1831 tunc
400 1766 535 1850 primum
558 1767 640 1831 soles
663 1775 752 1832 emta
773 1767 853 1832 vidit
875 1767 997 1832 humus.

261 1888 316 1934 aes
338 1875 405 1934 erat
425 1868 459 1932 in
481 1870 595 1953 pretio:
620 1870 786 1953 chalybeia
807 1890 913 1935 massa
934 1870 1061 1934 latebat.

305 1970 399 2037 eheu!
422 1977 573 2056 perpetuo
596 1970 705 2037 debuit
725 1972 780 2036 illa
802 1973 875 2057 tegi.

263 2094 341 2158 paee
363 2075 458 2140 Ceres
480 2074 562 2139 laeta
585 2081 641 2139 est.
677 2080 709 2139 et
730 2096 787 2140 vos
809 2082 904 2156 orate,
929 2075 1039 2156 coloni,

305 2184 489 2261 perpetuam
510 2196 621 2261 pacem
643 2178 870 2262 pacificumque
893 2177 1013 2242 ducem.

263 2280 346 2344 farra
368 2280 446 2344 deae
468 2280 630 2363 micaeque
652 2281 725 2346 licet
747 2281 888 2346 salientis
910 2280 1059 2346 honorem

305 2383 386 2449 detis
409 2384 494 2450 etin
517 2391 639 2451 veteres
662 2392 752 2450 turea
772 2406 873 2470 grana
894 2384 993 2468 socom

264 2495 304 2569 et,
327 2487 354 2553 si
376 2494 446 2552 tura
466 2488 610 2569 aberunt,
633 2495 745 2553 unctas
767 2488 930 2554 accendite
953 2488 1075 2553 taedas:

305 2611 404 2674 parva
425 2591 528 2657 bonae
551 2592 665 2673 Cereri,
690 2593 754 2657 sint
775 2592 867 2657 modo
890 2597 985 2673 easta,
1008 2592 1142 2676 placent.

263 2695 386 2759 above
408 2694 558 2759 succincti
581 2695 696 2760 cultros
718 2707 877 2760 removete
899 2693 1046 2759 ministri!

306 2798 363 2862 bos
385 2803 466 2862 aret:
489 2797 638 2880 ignavam
660 2798 834 2863 sacrificate
857 2818 953 2864 suem,

264 2906 338 2983 apta
359 2900 433 2983 iugo
456 2899 563 2964 cervix
586 2920 650 2965 non
672 2908 721 2966 est
743 2900 887 2966 ferienda
908 2900 1022 2965 securi:

306 3003 395 3068 vivat
416 3009 448 3068 et
469 3003 501 3067 in
524 3003 603 3069 dura
624 3024 719 3088 saepe
741 3004 861 3069 laboret
881 3003 984 3095 humo.

265 3105 365 3189 exigit
386 3106 454 3190 ipse
476 3106 570 3188 locus,
594 3113 702 3191 raptus
725 3114 760 3172 ut
782 3107 914 3190 virginis
936 3106 1037 3172 edam.

306 3209 397 3292 plura
418 3228 633 3293 recognosces,
656 3229 759 3293 pauca
780 3208 941 3275 docendus
964 3210 1032 3274 eris.

264 3318 347 3376 terra
368 3310 468 3376 tribus
490 3312 624 3397 scopulis
647 3319 772 3377 vastum
794 3312 947 3398 procurrit
969 3312 1001 3376 in
1024 3332 1141 3395 aequor

305 3414 473 3495 'lhinacris
496 3435 516 3479 a
537 3415 641 3499 positu
663 3435 779 3481 nomen
800 3416 916 3501 adepta
937 3415 1006 3497 loci,

264 3522 354 3601 grata
376 3516 486 3582 domus
509 3517 624 3583 Cereri.
658 3519 772 3583 multas
795 3538 834 3583 ea
854 3517 995 3603 possidet
1015 3518 1119 3599 urbes,
1230 3552 1233 3557 ·

308 3619 478 3701 inquibus
501 3627 548 3684 est
571 3621 653 3686 culto
675 3621 787 3687 fertilis
808 3622 923 3686 Henna
946 3622 1019 3687 solo.

268 3719 381 3805 frigida
404 3721 571 3787 caelestum
595 3731 710 3790 matres
733 3723 891 3790 Arethusa
913 3732 1052 3791 vocarat:
