2934 4117
484 195 507 246 4.
526 190 580 259 tlul
597 192 642 247 teu
661 191 717 248 iot
736 192 779 247 tce
796 190 926 248 illarius.
1163 174 1222 237 llll

192 363 421 447 huncquoque
442 383 565 430 summa
586 362 655 429 dies
676 363 767 449 nigro
790 364 957 430 submersit
978 364 1113 430 Averno.
1237 385 1270 433 as

236 465 403 551 defugiunt
423 465 535 532 avidos
557 466 696 532 carmina
717 467 785 531 sola
806 486 907 552 rogos.

193 568 285 635 durat
307 589 386 654 opus
407 574 524 653 vatum,
546 569 684 635 'luciana
705 568 792 634 fama
813 570 937 652 laboris,

237 671 388 755 tardaque
409 677 561 738 nocturno
584 672 647 738 tela
667 677 791 738 retexta
813 671 894 738 dolo.
991 686 994 695 “

193 774 240 841 sic
260 774 407 841 Nemesis
429 776 567 860 longum,
590 774 637 840 sic
658 775 751 840 Delia
773 795 888 841 nomen
911 775 1083 858 habebunt,

236 879 335 944 altera
357 898 432 943 cura
453 897 573 959 recens,
595 878 696 943 altera
716 879 836 962 primus
857 898 953 944 amor.

194 1001 264 1047 cum
287 980 414 1067 rapiunt
435 981 519 1045 mala
541 981 608 1046 fata
630 982 739 1063 bonos,
764 1019 804 1028 -
826 981 980 1067 ignoscite
1003 982 1087 1047 lasso
1109 1019 1152 1029 -

236 1084 383 1150 sollicitor
404 1084 506 1150 nullos
529 1103 599 1149 esse
620 1090 732 1168 putare
754 1083 838 1150 deos.

193 1188 268 1253 vive
289 1186 374 1272 piusz
397 1186 537 1252 moriere.
561 1186 632 1272 pius
654 1186 721 1252 cole
743 1206 846 1252 sacra:
871 1187 1024 1254 colentem

236 1310 319 1356 mors
340 1289 448 1375 gravis
469 1310 489 1354 a
512 1290 636 1374 templis
659 1290 693 1355 in
715 1309 796 1355 cava
817 1290 911 1356 busta
932 1290 1044 1355 trahet.

195 1393 384 1460 carminibus
406 1391 528 1459 confide
550 1392 655 1459 bonis:
678 1392 761 1458 iacet
783 1413 857 1459 ecoe
878 1393 1035 1478 Tibullum

237 1496 292 1562 vix
314 1500 461 1560 manete
484 1501 558 1576 toto,
581 1515 680 1579 parva
701 1494 785 1577 quod
807 1515 887 1561 urna
909 1495 1001 1579 capit.

194 1606 278 1680 tene,
300 1617 390 1664 sacer
411 1603 510 1678 vates,
533 1597 679 1663 flammae
701 1617 833 1682 rapuere
854 1598 978 1682 rogales

236 1701 416 1786 pectoribus
437 1701 524 1786 pasci
547 1720 606 1766 nec
627 1700 760 1767 timuere
782 1701 866 1767 tuis?

194 1825 289 1870 aurea
310 1810 489 1869 sanctorum
510 1804 686 1888 potuissent
707 1805 827 1888 templa
848 1803 978 1869 deorum

237 1927 336 1988 urere,
359 1927 440 1989 quae
463 1912 585 1971 tantum
607 1906 784 1972 sustinuere
806 1905 906 1973 nefas.

194 2009 308 2076 avertit
330 2010 444 2091 vultus,
468 2010 580 2093 Erycis
603 2028 684 2091 quae
706 2009 846 2094 possidet
868 2029 970 2076 arces:

237 2120 311 2180 sunt
333 2133 465 2195 quoque,
489 2113 542 2196 qui
563 2112 709 2177 lacrimas
731 2112 922 2180 continuisse
945 2120 1072 2198 negant.

195 2216 251 2284 sed
274 2222 380 2282 tamen
402 2215 462 2282 hoc
485 2216 605 2296 melius,
629 2235 723 2297 quam
746 2216 773 2281 si
795 2215 953 2282 Phaeacia
975 2216 1067 2282 tellus

238 2320 379 2403 ignotum
402 2319 456 2383 vili
479 2317 694 2403 supposuisset
715 2317 819 2384 humo.

195 2423 269 2489 hinc
292 2429 376 2488 certe
397 2420 541 2488 madidos
563 2420 714 2506 fugientis
737 2422 851 2506 pressit
873 2422 987 2488 ocellos

238 2531 339 2591 mater
360 2531 392 2590 et
413 2526 447 2590 in
469 2525 590 2591 cineres
612 2525 723 2590 ultima
745 2524 829 2590 dona
850 2526 934 2611 tulit3

196 2630 271 2695 hinc
292 2649 377 2696 soror
399 2629 432 2694 in
454 2635 576 2714 partem
599 2629 713 2695 misera
736 2650 807 2694 oum
830 2636 930 2695 matre
952 2628 1067 2696 doloris

239 2732 327 2798 venit
348 2732 509 2796 inornatas
530 2730 685 2796 dilaniata
704 2751 819 2813 comas,

197 2854 330 2917 cumque
352 2834 414 2898 tuis
436 2853 494 2899 sua
514 2834 685 2899 iunxerunt
707 2835 916 2917 Nemesisque
937 2834 1083 2919 priorque

239 2938 354 3020 oscula,
378 2956 437 3002 nec
458 2938 540 3003 solos
563 2936 733 3002 destituere
756 2957 856 3021 rogos.
894 2962 897 2969 ⁴

197 3041 289 3105 Delia
310 3038 506 3105 descendens
527 3032 671 3104 ‘felicius‘
694 3040 796 3122 inquit
818 3033 933 3106 ‘amata

240 3163 310 3209 sum
332 3144 404 3209 tibi:
426 3143 545 3226 vixisti,
568 3142 643 3207 dum
667 3149 739 3208 tuus
760 3143 844 3227 ignis
866 3141 973 3209 eram’

198 3247 248 3312 eui
269 3247 415 3312 Nemesis
438 3239 534 3329 ‘quid'
556 3246 601 3311 ait
623 3239 692 3310 ‘tibi
714 3252 787 3312 sunt
810 3266 881 3311 mea
903 3245 1020 3312 damna
1042 3246 1161 3312 dolori?

242 3369 293 3415 me
315 3350 416 3414 tenuit
437 3350 574 3415 moriens
597 3348 764 3415 deficiente
786 3344 904 3414 manu.²

199 3451 226 3518 si
248 3459 355 3518 tamen
378 3471 396 3518 e
418 3452 509 3518 nobis
531 3452 649 3535 aliquid
672 3453 733 3518 nisi
756 3473 870 3518 nomen
894 3458 925 3517 et
947 3453 1057 3519 umbra

242 3560 348 3636 restat,
370 3555 404 3619 in
426 3554 536 3639 Elysia
557 3556 639 3620 valle
660 3554 803 3622 Tibullus
826 3556 892 3621 erit.

200 3658 311 3724 obvius
332 3658 407 3724 huic
428 3658 538 3724 venias
560 3658 678 3724 hedera
699 3659 859 3724 iuvenalia
881 3659 1001 3725 elnotus

243 3766 384 3844 tempora
406 3781 476 3826 oum
502 3762 608 3843 Calvo,
633 3761 723 3827 docte
748 3762 879 3844 Catulle,
902 3768 969 3846 tu03
