2934 4117
260 141 302 204 38
658 155 889 225 hletcmmntpien.

259 329 314 395 illa
336 330 462 413 quidem
484 331 582 396 tristis
604 350 707 414 neque
728 329 833 396 adhuc
854 328 997 393 interrita
1018 327 1116 408 vultu,

260 431 317 497 sed
338 434 449 517 regina
470 440 586 515 tamen,
609 431 665 499 sed
687 432 777 517 opaci
801 431 940 496 maxima
961 429 1079 511 mundi,

260 534 317 600 sed
339 544 446 601 tamen
467 536 583 602 inferni
605 536 726 620 pollens
748 541 890 600 matrona
912 529 1061 617 tyranni'

302 640 402 704 Mater
423 638 465 704 ad
486 639 610 705 auditas
632 639 751 723 stupuit
772 658 830 704 ceu
852 657 951 703 saxea
973 656 1066 702 voces

260 743 473 825 attonitaeque
494 742 548 808 diu
570 743 679 808 similis
701 742 770 807 fuit.
793 748 889 825 utque
911 740 1017 805 dolore

260 845 351 930 pulsa
373 847 461 929 gravi
484 846 591 930 gravis
614 852 661 910 est
682 844 832 925 amentia,
855 844 996 910 curribus
1017 862 1110 907 auras

171 939 173 942 ’
261 948 327 1013 exit
349 947 382 1011 in
404 948 569 1014 aetherias.
592 948 636 1012 ibi
658 954 722 1014 toto
745 948 854 1013 nubila
875 948 964 1013 vultu

227 1109 229 1114 .
260 1058 335 1116 ante
356 1051 464 1116 Iovem
486 1051 588 1135 passis
610 1051 696 1116 stetit
717 1049 875 1115 invidiosa
896 1049 1017 1134 capillis

261 1148 338 1237 ‘pro’
360 1173 421 1236 qne
443 1146 523 1218 ‘meo
545 1154 619 1218 veni
641 1154 775 1237 supplex
798 1152 864 1233 tibi,
888 1146 1050 1236 Iuppiter,’
1071 1151 1182 1234 inquit,
1302 1171 1351 1217 ros

261 1249 425 1341 ‘sanguine
446 1276 565 1340 proque
586 1262 649 1321 tuo.
672 1256 699 1321 si
721 1256 808 1320 nulla
829 1261 877 1320 cst
898 1255 1000 1339 gratia
1022 1254 1140 1334 matris,

261 1364 337 1424 nata
357 1366 478 1443 patrem
500 1365 634 1425 moveat.
658 1356 785 1423 tandem
808 1358 885 1423 mihi
907 1365 984 1423 nata
1005 1363 1129 1442 reperta
1151 1363 1207 1437 est,

261 1461 287 1526 si
309 1462 446 1546 reperire
468 1481 563 1527 vocas
585 1461 729 1527 amittere
751 1461 876 1541 certius,
897 1468 952 1526 aut
974 1461 999 1525 si

261 1564 350 1645 scire,
372 1563 426 1628 nbi
449 1564 498 1646 sit,
521 1564 657 1648 reperire
678 1583 783 1630 vocas.
808 1562 892 1647 quod
912 1570 1012 1648 rapta,
1036 1563 1182 1643 feremus,

260 1666 428 1732 dummodo
450 1667 562 1732 reddat
582 1687 666 1732 eam:
689 1686 793 1748 neque
815 1667 899 1731 enim
921 1665 1080 1751 praedone
1102 1666 1214 1730 marito
1302 1686 1353 1732 rro

260 1769 325 1834 filia
347 1769 443 1853 digna
464 1776 519 1835 tua
541 1777 597 1850 cst,
620 1771 647 1836 si
668 1770 732 1834 iam
754 1789 826 1835 mea
848 1770 913 1834 filia
935 1790 998 1834 non
1021 1764 1089 1834 est'

260 1872 402 1956 luppiter
423 1873 561 1957 excepit:
584 1866 759 1937 ‘commune
781 1878 829 1938 est
850 1872 965 1956 pignus
986 1891 1128 1954 onusque

260 1980 337 2039 nata
358 1974 435 2039 mihi
456 1980 567 2040 tecum.
591 1974 648 2041 sed
670 1974 697 2040 si
719 1974 812 2040 modo
834 1974 962 2040 nomina
983 1974 1076 2041 rebus

260 2077 377 2143 addere
398 2098 474 2142 vera
494 2078 607 2162 placet,
630 2097 694 2142 non
715 2077 776 2144 hoo
797 2077 912 2143 iniuria
932 2077 1060 2159 factum,

261 2201 368 2247 verum
391 2201 477 2245 amor
499 2187 560 2265 est;
582 2200 686 2263 neque
707 2181 767 2246 erit
787 2181 879 2247 nobis
900 2201 998 2265 gener
1019 2182 1073 2247 ille
1093 2181 1214 2265 pudorr,
1301 2203 1352 2250 115

260 2291 295 2349 tu
316 2282 418 2365 modo,
441 2282 524 2364 diva,
547 2285 635 2349 velis.
658 2293 693 2349 ut
715 2283 820 2349 desint
842 2268 956 2366 cetera,
979 2291 1129 2366 quantum
1151 2290 1199 2349 est

261 2406 330 2451 esse
351 2385 436 2451 Iovis
457 2386 598 2451 fratrem!
622 2385 707 2469 quid,
730 2386 815 2468 quod
836 2407 900 2451 non
922 2392 1026 2452 cetera
1048 2386 1170 2467 desunt,

260 2508 320 2554 nec
342 2487 425 2553 cedit
446 2489 507 2553 nisi
530 2495 611 2554 sorte
633 2488 731 2553 mihi?
755 2488 812 2556 sed
834 2496 924 2554 tanta
945 2489 1058 2573 cupido

260 2592 287 2656 si
308 2591 365 2657 tihi
388 2590 511 2658 discidii
534 2598 590 2673 est,
613 2598 734 2676 repetet
756 2592 945 2677 Proserpina
966 2593 1096 2673 caelum,

259 2696 330 2779 loge
351 2700 457 2759 tamen
480 2701 573 2776 certa,
596 2695 623 2760 si
644 2696 748 2761 nullos
772 2696 903 2780 contigit
923 2695 987 2760 illio

259 2817 312 2863 ore
334 2796 434 2863 cibos:
456 2818 530 2862 nam
553 2798 598 2863 sic
618 2798 789 2864 Parcarum
809 2797 937 2863 foedere
959 2804 1083 2863 cautum
1105 2793 1173 2863 est?

301 2900 442 2965 Dixerat.
466 2908 500 2964 at
521 2900 627 2966 Cereri
649 2908 767 2967 certum
790 2908 837 2967 est
860 2901 992 2967 educere
1013 2907 1129 2966 natam.

259 3023 322 3067 non
344 3002 390 3067 ita
410 3002 477 3067 fata
498 3003 615 3084 sinunt,
638 3004 786 3086 quoniam
808 3004 926 3070 ieiunia
947 3003 1035 3087 virgo

259 3107 395 3171 solverat
417 3112 457 3187 et,
481 3107 571 3172 cultis
594 3106 668 3171 dum
691 3106 825 3190 simplex
849 3115 931 3172 errat
952 3106 985 3172 in
1008 3106 1115 3189 hortis,

258 3208 426 3292 puniceum
450 3228 545 3273 curva
567 3208 768 3293 decerpserat
789 3209 900 3275 arbore
921 3230 1049 3295 pomum

259 3317 445 3395 sumptaque
466 3313 596 3395 pallenti
618 3317 739 3397 septem
761 3312 802 3378 de
824 3313 937 3378 cortice
957 3333 1059 3397 grana
1131 3369 1134 3373 r

258 3419 414 3497 presserat
435 3433 489 3478 ore
511 3433 576 3479 sno.
622 3415 768 3497 solusque
790 3434 832 3480 ex
854 3415 999 3480 omnibus
1020 3412 1098 3479 illud

258 3514 454 3599 Ascalaphus
475 3517 569 3582 vidit:
592 3517 727 3582 reditum
749 3517 884 3585 crudelis
906 3518 1033 3583 ademit.

258 3619 412 3702 ingemuit
433 3620 543 3703 regina
564 3621 659 3686 Erebi
681 3627 856 3705 testemque
877 3621 1042 3706 profanam

258 3720 335 3787 fucit
356 3740 447 3785 avem
470 3742 673 3807 sparsumque
696 3733 791 3811 caput
811 3723 1074 3810 Phlegethontide
1095 3725 1227 3812 lympha
