2934 4117
261 161 283 222 4
661 177 892 247 hletommptrelcu.

260 349 461 432 regalemque
483 349 618 416 domum.
643 350 757 415 dextra
778 352 932 433 laevaque
954 352 1082 418 deorum

260 451 341 515 atria
362 453 512 518 nobilium
535 454 636 518 valvis
659 454 856 518 celebrantur
877 455 1003 538 apertis.

260 555 350 638 plebs
372 554 493 620 habitat
516 556 641 621 diversa
662 556 752 641 locis3
775 577 796 621 a
817 557 919 622 fronte
941 565 1085 641 potentes

261 658 427 724 caelicolae
450 660 587 741 clarique
609 680 683 726 suos
703 680 836 743 posuere
857 667 997 744 penates.

260 762 312 826 hic
333 763 419 828 locus
442 771 498 844 est,
522 784 625 846 quem,
648 764 675 830 si
697 765 806 829 verbis
827 763 961 828 audacia
983 763 1082 846 detur,

261 865 346 929 haud
367 866 495 931 timeam
517 868 625 951 magni
647 866 766 932 dixisse
787 867 910 931 Palatia
932 867 1019 931 caeli.

261 988 334 1051 ergo
357 968 411 1032 ubi
434 989 606 1034 marmoreo
629 970 733 1054 superi
756 969 865 1034 sedere
887 989 1022 1050 recessu,

260 1071 371 1136 celsior
392 1071 460 1155 ipse
482 1073 549 1137 loco
571 1078 757 1157 sceptroque
777 1072 907 1137 innixus
929 1072 1047 1137 eburno

260 1175 426 1240 terrificam
449 1176 561 1260 capitis
583 1176 739 1241 concussit
760 1182 870 1259 terque
893 1182 1064 1257 quaterque

261 1280 441 1360 caesariem,
465 1299 535 1343 cum
558 1285 766 1361 quaternam,
790 1298 885 1361 mare,
909 1277 1013 1343 sidera
1034 1284 1140 1343 movit.

260 1383 375 1448 talibus
395 1382 470 1447 inde
492 1383 593 1448 modis
614 1402 669 1447 ora
689 1381 890 1465 indignantia
910 1383 1016 1446 solvit:

260 1481 334 1552 ‘uon
357 1506 417 1571 ego
438 1507 494 1571 pro
517 1485 625 1551 mundi
647 1504 745 1570 regno
767 1485 870 1568 magis
892 1485 1006 1549 auxius
1026 1484 1081 1547 illa

261 1596 449 1673 tempestate
471 1589 526 1670 sui,
550 1608 613 1672 qua
635 1594 762 1653 centum
785 1588 917 1670 quisque
938 1588 1071 1672 parabat

260 1694 376 1758 inicere
399 1691 613 1776 anguipedum
636 1691 760 1775 captivo
782 1689 931 1756 bracchia
953 1690 1047 1754 caelo.

260 1817 333 1861 nam
355 1816 544 1879 quamquam
566 1796 651 1859 ferus
673 1794 772 1862 hostis
795 1799 871 1873 erat,
894 1799 1000 1857 tamen
1022 1791 1100 1857 illud
1120 1795 1161 1858 ab
1185 1812 1247 1859 uno

260 1920 389 1985 corpore
412 1907 443 1964 et
467 1920 507 1964 ex
530 1917 594 1964 una
616 1897 776 1982 pendebat
798 1897 919 1981 origine
939 1896 1065 1962 bellum.

259 2023 344 2068 nunc
365 2002 452 2085 mihi,
475 2022 537 2085 qua
559 2007 658 2066 toturn
678 2001 801 2064 Nereus
823 2000 1030 2064 circumsonat
1052 2001 1169 2080 orbem,

260 2105 454 2190 perdendum
477 2111 525 2169 est
546 2104 677 2168 mortale
699 2121 809 2186 genus.
832 2121 888 2186 per
909 2101 1041 2165 flumina
1062 2102 1129 2166 iuro

259 2209 361 2274 infera
383 2209 441 2274 sub
463 2215 546 2273 terra
568 2207 679 2291 Stygio
701 2207 842 2270 labentia
862 2205 933 2270 luco

261 2319 373 2377 cuncta
394 2312 481 2396 prius
502 2317 663 2395 temptata.
688 2308 746 2374 sed
767 2307 997 2373 immedicabile
1020 2310 1133 2375 vulnus

260 2436 336 2482 ense
358 2414 561 2480 recidendum
585 2420 641 2495 est,
665 2433 706 2477 ne
727 2432 802 2496 pars
824 2413 946 2477 sincera
967 2412 1116 2477 trahatur.

177 2542 179 2547 ·
260 2525 333 2586 sunt
355 2517 431 2582 mibi
453 2516 593 2598 semidei,
617 2523 690 2582 sunt
711 2516 828 2581 rustica
848 2516 988 2596 numina,
1011 2516 1180 2599 Nymphae

260 2622 423 2704 Faunique
445 2621 613 2704 Satyrique
636 2627 668 2685 et
689 2620 874 2684 monticolae
896 2619 1030 2686 Silvani:

261 2744 347 2808 quos,
371 2724 518 2807 quoniam
541 2725 620 2789 caeli
641 2723 781 2788 nondum
804 2722 971 2806 dignamur
992 2722 1118 2804 honore,

261 2848 338 2911 quas
361 2828 514 2909 dedimus,
538 2834 622 2893 certe
643 2834 743 2891 terras
765 2826 908 2891 habitare
931 2827 1079 2891 sinamus.

260 2952 301 2995 an
324 2932 409 3012 satis,
432 2951 451 2996 o
473 2932 588 3015 superi,
611 2938 693 2996 tutos
714 2931 782 2995 fore
804 2929 930 2995 creditis
950 2930 1030 3012 illos,

261 3055 331 3099 cum
354 3034 440 3116 mihi,
464 3035 517 3116 qui
538 3035 667 3116 fulmen,
691 3035 744 3116 qui
766 3053 823 3099 ros
844 3034 1009 3116 habeoque
1031 3054 1178 3118 rogoque,

261 3137 409 3202 struxerit
429 3137 561 3202 insidias
582 3144 675 3202 notus
696 3137 820 3202 feritate
842 3131 1004 3220 Lycaonl‘

304 3238 527 3305 Confremuere
549 3260 657 3305 omncs
679 3239 853 3322 studiisque
874 3238 1058 3305 ardentibus
1080 3260 1189 3305 ausum

260 3342 336 3406 talia
358 3341 539 3427 deposcunt.
577 3343 632 3425 sio,
656 3363 727 3408 cum
750 3363 862 3408 manus
880 3343 978 3427 impia
999 3343 1101 3408 saevit

260 3445 414 3529 sangnine
437 3447 590 3512 Caesareo
611 3449 788 3512 Romanurn
810 3449 1011 3531 exstinguere
1032 3466 1157 3528 nomen,

259 3548 426 3612 attonitum
448 3556 536 3614 tanto
559 3551 681 3616 subitae
701 3558 819 3616 terrore
840 3550 950 3617 ruinae

260 3650 431 3715 humanum
453 3673 553 3736 genus
576 3661 624 3718 est
645 3661 791 3737 totusque
812 3655 987 3741 perhorruit
1008 3656 1101 3721 orbis

261 3771 320 3816 nec
342 3752 398 3818 tibi
420 3762 511 3840 grata
533 3756 635 3847 minus
657 3759 768 3842 pietas,
791 3762 942 3844 Auguste,
966 3766 1088 3826 tuorum
1111 3766 1167 3842 est,
