2934 4117
283 161 325 224 92
682 154 913 245 llllctcmorpbolcu.

283 356 315 415 et
336 349 511 434 Charopem
533 349 668 432 fatisque
690 350 862 416 immitibus
884 351 1049 414 Ennomon
1071 356 1195 431 actum,

283 453 398 536 quique
420 454 522 518 minus
545 453 684 518 celebres
707 459 814 518 nostra
836 445 893 518 sub
916 453 1079 518 moenibus
1101 454 1187 518 urbis

283 556 473 640 procubuere
496 576 600 621 manu.
639 563 712 622 sunt
734 562 766 622 et
788 556 865 620 mihi
889 555 1028 637 vulnera,
1053 556 1147 637 cives,

283 660 350 744 ipso
373 659 502 745 pulchra
523 659 600 725 loco.
638 680 698 725 nec
720 660 812 724 vanis
835 657 952 724 credite
974 659 1092 725 verbis:

282 761 435 847 adspicite
458 783 496 828 en
504 758 523 828 l'
545 770 728 845 vestemque
751 783 846 828 manu
869 762 993 827 diduxit
1016 771 1046 827 et
1068 757 1159 828 ‘haec
1181 773 1253 829 sunt

208 937 210 941 ,
283 872 409 950 pectora
430 861 563 950 semper'
585 866 630 931 ait
651 859 775 931 ‘vestris
798 867 936 932 exercite
957 866 1059 931 rebus.

282 974 315 1033 at
338 968 381 1034 nil
403 968 557 1053 impendit
578 989 634 1053 per
655 976 702 1034 tot
722 969 922 1035 Telamonius
943 989 1042 1035 annos

283 1072 445 1156 sanguinis
467 1074 500 1137 iu
523 1073 623 1138 socios
646 1080 678 1138 et
699 1073 797 1138 habet
819 1073 887 1138 sine
910 1072 1039 1139 vulnere
1062 1095 1184 1158 corpus.

284 1174 358 1257 quid
381 1184 485 1240 tamen
510 1175 569 1241 hoc
589 1175 695 1257 refert,
719 1178 747 1242 si
769 1195 804 1243 se
825 1197 882 1261 pro
905 1176 1004 1242 classe
1025 1176 1161 1261 Pelasga

283 1298 370 1342 arma
393 1278 501 1344 tulisse
523 1278 618 1344 refert
641 1285 749 1345 contra
770 1281 931 1362 Troasque
953 1280 1144 1362 Iovemque?

283 1380 503 1463 confiteorque,
526 1382 610 1446 tulit:
633 1402 737 1464 neque
760 1382 842 1446 enirn
866 1381 1033 1446 benefacta
1055 1383 1193 1466 maligne

282 1481 457 1549 detractare
478 1504 582 1549 meum
605 1491 661 1549 est.
685 1483 743 1550 sed
764 1504 805 1549 ne
827 1485 1004 1550 communia
1027 1486 1110 1550 solus

282 1592 414 1671 occupet
435 1591 530 1670 atque
551 1587 689 1670 aliquem
711 1588 802 1653 vobis
825 1607 947 1671 quoque
969 1586 1081 1653 reddat
1102 1588 1261 1652 honorem.

282 1689 418 1774 reppulit
439 1690 604 1755 Actorides
626 1690 683 1756 sub
706 1690 845 1775 imagine
867 1696 952 1756 tutus
974 1690 1105 1756 Achillis

282 1793 380 1857 'Iiocs
402 1792 442 1856 ab
465 1792 581 1858 arsuris
604 1812 674 1858 curn
698 1791 864 1859 defensore
887 1793 1009 1861 cerinis.

282 1914 392 1959 ausum
415 1895 510 1960 etiam
532 1896 694 1962 Hectoreis
717 1897 817 1961 solum
840 1915 1021 1962 concurrere
1044 1897 1113 1963 telis

282 2016 317 2062 se
339 2003 428 2082 putat
451 1998 564 2064 oblitus
587 2000 732 2084 regisque
755 2000 932 2082 ducumque
954 2000 1089 2082 meique,

284 2120 384 2166 nonus
405 2101 439 2165 in
462 2101 564 2169 officio
588 2110 619 2167 et
641 2104 800 2188 praelatus
822 2124 951 2169 munere
973 2103 1072 2168 sortis.

283 2202 340 2268 sed
361 2208 468 2270 tamen
491 2213 622 2271 eventus
644 2213 779 2289 vestrae,
802 2207 979 2288 fortissime,
1004 2226 1130 2292 pugnae

284 2307 353 2389 quis
375 2307 456 2371 fuit?
479 2346 520 2354 -
543 2309 660 2375 Hector
680 2311 748 2375 abit
770 2311 902 2376 violatus
924 2311 1054 2375 vulnere
1076 2310 1170 2376 nullo.

325 2410 377 2476 Me
398 2411 555 2493 miserum,
579 2420 695 2495 quanto
718 2433 812 2496 cogor
834 2413 1013 2478 meminisse
1035 2411 1141 2476 dolore

284 2513 432 2598 temporis
453 2514 544 2596 illius,
568 2535 629 2598 quo
652 2515 781 2580 Graium
803 2535 917 2596 murus,
941 2516 1079 2580 Achilles

283 2616 458 2699 procubuit!
482 2638 542 2683 nec
563 2639 614 2684 me
636 2619 783 2684 lacrimae
805 2619 969 2701 luctusque
991 2619 1145 2701 timorque

283 2719 454 2803 tardarunt,
479 2721 554 2805 quin
577 2742 688 2806 corpus
710 2722 806 2787 humo
828 2723 960 2787 sublime
981 2721 1139 2788 referrem.

283 2823 333 2889 his
354 2824 479 2906 umeris,
502 2824 561 2906 his,
584 2827 723 2908 inquam,
747 2826 863 2891 umeris
886 2846 944 2909 ego
967 2846 1078 2910 corpus
1100 2825 1231 2891 Achillis

284 2933 316 2992 et
337 2926 429 2992 simul
450 2948 539 2993 erma
561 2929 631 2994 tuli:
655 2949 738 3012 quae
760 2950 844 2993 nuuc
867 2949 990 3011 quoque
1011 2928 1093 2993 ferre
1115 2929 1230 2994 laboro.

283 3036 357 3097 sunt
378 3030 464 3112 milri,
488 3051 569 3114 quac
590 3033 718 3097 valeant
740 3033 773 3097 in
795 3033 871 3096 talia
892 3031 1040 3116 pondera,
1063 3032 1156 3113 vires,

284 3140 332 3199 est
353 3135 477 3201 animus
500 3141 584 3201 certe
606 3143 726 3202 vestros
748 3154 896 3201 sensurus
918 3134 1060 3200 honores.

284 3236 402 3302 scilicet
422 3237 538 3304 idcirco
560 3260 616 3323 pro
639 3245 712 3303 nato
736 3239 860 3303 caerula
882 3244 982 3302 mater

283 3341 451 3406 ambitiosa
472 3361 528 3407 suo
549 3341 618 3423 tuit,
641 3348 676 3406 ut
698 3342 845 3407 caelestia
868 3341 960 3422 dona,

284 3445 359 3508 artis
381 3464 459 3529 opus
481 3449 598 3526 tantae,
621 3445 707 3510 rudis
730 3452 762 3510 et
784 3446 852 3511 sine
875 3451 1000 3530 pectore
1022 3446 1113 3512 miles
1326 3466 1380 3512 sos

283 3544 449 3612 indueret?
471 3567 575 3630 neque
597 3547 680 3613 enim
705 3548 796 3632 clipei
821 3549 995 3613 caelamina
1015 3549 1113 3628 novit,

284 3647 445 3714 Oceanum
468 3657 500 3715 et
521 3658 619 3716 terres
642 3671 775 3733 cumque
798 3652 860 3715 alto
883 3650 987 3715 sidera
1009 3651 1095 3714 caelo

284 3748 498 3835 Pletadcsque
520 3752 714 3837 Hyadesque
737 3755 971 3838 immunemque
993 3753 1138 3837 aequoris
1161 3753 1280 3818 breton
