2934 4117
277 192 338 255 112
675 203 907 275 iJictomorpboterr.

272 382 388 448 tahhus
409 380 493 445 hanc
515 378 653 462 genitor:
676 371 755 442 ‘sola
776 376 987 462 insuperabile
1009 378 1119 461 fatum,

273 490 358 565 nata,
381 502 508 549 movere
530 481 649 566 paras?
671 480 769 547 intres
791 480 864 545 licet
886 480 956 565 ipsa
979 501 1116 546 sororum

272 593 357 652 tecta
378 586 486 651 trium:
510 604 620 650 cernes
641 584 705 649 illic
726 583 886 649 molimine
907 590 998 649 vasto

274 710 315 756 ex
337 709 411 754 aere
434 695 465 754 61
488 687 587 753 solido
609 708 712 753 rerum
734 687 890 752 tabularia
911 686 1004 768 terro,

273 813 355 875 quae
376 810 480 874 neque
502 810 686 856 coneursum
710 789 790 855 caeli
812 809 916 871 neque
938 789 1078 856 fulminis
1101 791 1179 855 iram

221 926 223 929 v
273 915 333 960 nec
356 899 499 960 metuunt
519 893 601 958 ullas
622 899 691 957 tuta
712 899 809 975 atque
831 898 960 957 aeterna
982 895 1097 958 ruinas.

273 998 417 1062 invenies
439 997 502 1061 illio
523 996 625 1061 incisa
646 996 816 1061 adamante
837 996 967 1080 perenni

273 1101 341 1164 tata
362 1099 408 1164 tui
429 1100 564 1182 generis.
588 1099 651 1183 legi
673 1099 742 1183 ipse
764 1099 932 1181 animoque
954 1097 1062 1164 notavi

274 1210 306 1267 ct
326 1202 471 1284 referam,
494 1223 535 1268 ne
557 1202 601 1268 sis
624 1203 795 1267 etiamnum
817 1202 928 1285 ignara
950 1200 1054 1267 futuri.

273 1304 325 1370 hic
347 1325 404 1370 sua
426 1305 603 1390 complevit,
626 1323 683 1389 pro
707 1324 778 1387 quo,
801 1303 971 1386 Cytherea,
993 1305 1127 1387 laboras,

274 1414 423 1492 tempora,
447 1407 603 1492 perfectis,
627 1427 705 1490 quos
727 1413 829 1472 tenne
852 1406 969 1488 debuit,
992 1407 1093 1471 annis.

273 1517 309 1574 ut
331 1509 408 1575 deus
430 1509 561 1574 accedat
584 1510 670 1574 caelo
692 1509 879 1593 templisque
902 1509 1029 1591 colatur,

274 1623 309 1678 tu
330 1614 428 1679 facies
450 1618 604 1696 natusque
627 1632 711 1694 suus,
736 1613 788 1695 qui
811 1611 946 1677 nominis
968 1613 1060 1678 heres

274 1717 452 1802 impositum
475 1716 555 1781 feret
576 1736 658 1781 unus
680 1735 759 1781 onus
783 1715 929 1796 caesique
950 1716 1091 1799 parentis

274 1840 332 1885 nos
353 1820 386 1883 in
409 1820 493 1886 bella
514 1838 586 1884 suos
608 1818 796 1883 fortissimus
819 1818 901 1882 ulter
922 1817 1062 1883 habebit.

274 1923 357 1988 illius
378 1921 526 2006 auspiciis
548 1923 696 1987 obsessae
718 1921 844 1985 moenia
865 1940 976 2005 pacem

274 2026 358 2090 vieta
380 2030 489 2110 petent
511 2025 660 2106 Mutinae,
683 2023 848 2090 Pharsalia
870 2024 985 2089 sentiet
1005 2024 1102 2105 illum,
1175 2032 1177 2037 '

275 2129 482 2211 Emathiaque
504 2128 616 2193 itcmm
639 2127 810 2192 madefient
832 2127 930 2193 caede
951 2127 1098 2212 Philippi,

275 2238 307 2296 et
328 2252 477 2315 magnum
500 2231 613 2297 Siculis
635 2251 750 2296 nomen
773 2230 971 2315 superabitur
991 2231 1095 2311 undis,

274 2334 470 2416 Romanique
493 2332 582 2399 ducis
605 2334 743 2400 coniunx
765 2334 926 2418 Aegyptia
948 2333 1060 2399 taedae

274 2458 337 2501 non
360 2438 442 2502 bene
463 2437 524 2502 fisa
546 2436 651 2521 cadet3
675 2436 852 2520 frustraque
876 2437 934 2502 erit
956 2438 1011 2502 illa
1031 2438 1152 2502 minata

274 2540 430 2605 servitura
451 2560 507 2605 suo
530 2540 685 2625 Capitolia
707 2546 815 2606 nostra
838 2541 975 2625 Canopo.

275 2642 350 2725 quid
372 2643 430 2707 tibi
450 2643 639 2725 barbariam,
662 2649 774 2726 gentes
796 2643 837 2707 ab
860 2649 991 2725 utroque
1011 2643 1151 2708 iacentes

275 2765 393 2811 oceano
415 2746 600 2811 numerem?
624 2746 842 2831 quodcumque
865 2746 1038 2811 habitabile
1060 2746 1152 2811 tellus

275 2848 417 2931 sustinet,
440 2848 533 2912 huius
556 2849 631 2913 erit:
653 2856 768 2933 pontus
792 2869 915 2932 quoque
937 2849 1052 2914 serviet
1074 2848 1128 2913 illi.

275 2970 353 3034 pace
376 2950 451 3015 data
472 2952 562 3018 terris
584 2952 724 3017 animum
747 2951 789 3016 ad
811 2952 916 3018 civilia
937 2959 1039 3018 vertet

274 3054 343 3119 iura
364 3074 454 3119 suum
475 3055 626 3138 legesque
647 3055 727 3121 ieret
750 3055 939 3122 iustissimus
960 3061 1069 3122 auctor

276 3158 482 3242 exemploque
505 3178 561 3223 suo
583 3178 686 3224 mores
707 3164 797 3243 reget
817 3160 913 3242 inque
935 3160 1032 3224 futuri

274 3260 423 3344 temporis
444 3267 581 3325 aetatem
603 3267 867 3344 venturorumque
890 3252 1038 3346 nepotum

275 3362 468 3446 prospiciens
490 3363 608 3447 prolem
630 3370 742 3429 sancta
764 3363 803 3430 de
826 3365 959 3449 coniuge
981 3371 1088 3430 natam

276 3465 357 3529 terre
379 3465 472 3530 simul
493 3486 670 3549 nomenque
693 3487 784 3532 suum
807 3486 958 3550 curasque
981 3468 1114 3552 iubebit3

276 3586 336 3630 nec
358 3566 418 3631 nisi
440 3587 511 3631 cum
534 3568 637 3633 senior
659 3569 767 3653 Pylios
788 3570 972 3652 aequaverit
993 3590 1124 3651 annos,

276 3667 432 3733 aetherias
454 3668 546 3734 sedes
569 3677 765 3754 cognataque
788 3671 892 3737 sidera
914 3679 1033 3756 tanget.

277 3766 361 3831 hanc
381 3770 519 3835 animam
541 3771 661 3836 interea
683 3792 775 3839 caeso
798 3773 838 3839 de
860 3794 989 3860 corpore
1010 3781 1132 3860 raptam
