2934 4117
552 192 656 247 Versus
674 191 853 247 memoriales.

182 366 258 432 dum
280 366 369 432 iuvat
392 371 424 431 et
444 366 532 431 vultu
554 363 637 429 ridet
658 365 799 429 Fortuna
820 383 941 445 sereno,

226 469 417 535 indelibatas
440 475 554 533 cuncta
575 473 750 550 sequuntur
771 486 862 551 opes:
1091 547 1094 554 ἱ

183 579 218 638 at
239 573 333 637 simul
354 572 499 654 intonuit,
522 571 658 655 fugiunt,
681 591 741 636 nec
762 570 900 636 noscitur
922 569 986 652 ulli,
1105 567 1130 596 '⁸
1158 565 1164 622 ἶ
1214 651 1229 661 -

226 675 406 759 agminibus
428 674 576 740 comitum
598 674 652 757 qui
673 672 767 739 modo
790 673 910 738 cinctus
933 679 1008 737 erat.
1266 661 1273 668 ¹

471 864 501 920 4.
519 825 577 921 so
596 864 656 921 aas
674 862 755 933 aaa
772 861 929 928 aaronita

185 984 334 1051 Carmine
355 983 392 1049 fit
413 984 509 1048 vivax
531 983 640 1064 virtus,
664 1001 842 1066 expersque
864 981 999 1066 sepulcri

208 1083 371 1152 ¹notitiam
395 1106 484 1153 serae
505 1086 697 1172 posteritatis
719 1084 825 1152 habet.

183 1189 295 1256 tabida
318 1191 473 1255 consumit
495 1188 612 1258 ferrum
635 1187 835 1272 lapidemque
857 1192 1008 1269 vetustas,

228 1293 377 1375 nullaque
398 1312 450 1357 res
471 1293 573 1358 maius
595 1298 737 1376 tempore
757 1292 853 1357 robur
873 1289 984 1355 habet:

182 1395 302 1479 scripta
323 1394 429 1460 serunt
450 1414 560 1461 annos.
583 1394 708 1479 scriptis
729 1394 970 1477 Agamemnona
991 1392 1084 1475 nosti,

230 1504 262 1562 et
284 1498 426 1582 quisquis
448 1504 557 1564 contra
577 1499 630 1563 vel
651 1497 744 1564 simul
765 1517 854 1561 arma
875 1496 955 1560 tulit.

551 1669 577 1726 5.
595 1668 680 1736 libid
698 1670 753 1726 aab
771 1670 856 1736 ame.

183 1788 313 1856 Scilicet
333 1790 470 1875 ingeniis
492 1790 599 1872 aliqua
620 1797 669 1856 cst
689 1789 858 1855 concordia
877 1788 1002 1871 iunctis,

231 1898 263 1955 et
284 1899 389 1957 servat
410 1891 506 1958 studii
529 1892 657 1957 foedera
679 1893 813 1976 quisque
834 1892 896 1956 sui:

183 1993 321 2058 rusticus
342 1995 522 2078 agricolam,
545 1995 636 2060 miles
658 1994 726 2060 fera
747 1995 831 2060 bella
852 2000 1025 2078 ge1·entem,

231 2101 382 2162 rectorem
404 2096 519 2163 dubiae
540 2098 650 2162 navita
670 2098 787 2182 puppis
807 2103 901 2161 amat.

471 2284 499 2343 6.
516 2287 566 2344 bie
582 2275 674 2353 Nobi
691 2288 738 2344 bet
755 2287 932 2354 denotabit.

184 2404 315 2472 Scilicet
336 2411 384 2472 est
406 2405 538 2490 cupidus
561 2407 733 2473 studiorum
757 2407 889 2489 quisque
911 2426 1046 2488 suorum,

231 2514 355 2592 tempus
377 2517 409 2574 et
430 2508 565 2574 adsueta
585 2530 703 2594 ponere
725 2510 757 2573 in
781 2516 848 2574 arte
869 2510 965 2574 iuvat.

184 2610 313 2675 saucius
335 2610 435 2676 eiurat
456 2631 597 2695 pugnam
619 2611 784 2697 gladiator,
808 2618 840 2677 et
860 2611 945 2676 idem

230 2713 393 2778 immemor
414 2715 536 2796 antiqui
557 2715 697 2779 vulneris
718 2734 807 2779 arma
830 2715 921 2797 capit.

184 2815 232 2881 nil
254 2815 315 2879 sibi
338 2835 408 2880 cum
430 2816 536 2902 pelagi
559 2816 635 2882 dicit
656 2817 723 2882 fore
745 2817 918 2899 naufragus
940 2815 1043 2909 undis,

231 2923 263 2981 et
285 2914 371 2981 ducit
393 2936 505 3001 remos,
528 2939 591 3002 qua
612 2918 705 2985 modo
726 2920 817 2985 navit
836 2939 928 3002 aqua.

488 3105 517 3165 7.
534 3107 651 3175 dealba
667 3109 748 3175 aaut
765 3108 914 3178 faeditate.

182 3224 249 3302 Qui
272 3226 369 3289 semel
391 3233 438 3293 est
459 3226 564 3293 laesus
586 3228 690 3293 fallaci
711 3229 808 3313 piscis
830 3228 871 3294 ab
893 3228 996 3309 hamo,

228 3327 375 3393 omnibus
396 3348 479 3394 unca
501 3330 579 3396 cibis
601 3351 675 3395 aera
697 3332 828 3397 subesse
849 3337 947 3415 putat.

181 3448 283 3513 saepe
305 3448 416 3495 canem
439 3432 656 3516 longe'visum
678 3434 761 3517 fugit
783 3454 868 3517 agna
888 3433 1059 3517 lupumque

229 3530 339 3613 credit,
362 3534 486 3618 etipsa
508 3555 597 3600 suam
619 3536 727 3601 nescia
749 3536 829 3600 vitat
851 3556 952 3621 opem.

181 3635 330 3699 membra
350 3633 554 3702 reformidant
575 3639 700 3703 mollem
724 3657 848 3722 quoque
870 3639 978 3704 saucia
999 3644 1131 3703 tactum:

228 3754 376 3817 vanaque
398 3738 537 3804 sollicitis
559 3738 670 3806 incutit
691 3742 805 3806 umbra
827 3748 954 3805 metum.

1244 1387 1264 1440 ὅ
