2934 4117
516 241 555 293 12.
575 237 655 292 lluter
673 236 817 293 ffiotboten.

151 432 246 498 saepe
268 412 350 477 intra
372 431 477 476 muros
500 411 613 475 clausis
636 410 798 475 venientia
820 411 918 496 portis

193 535 250 599 per
271 514 391 580 medias
413 514 546 598 legimus
569 512 666 577 noxia
687 513 751 578 tela
770 513 847 578 vias.

151 623 198 682 est
219 617 315 702 igitur
335 637 433 699 rarus,
456 637 509 682 rus
532 616 585 698 qui
609 615 710 681 colere
731 615 857 698 audeat,
880 616 969 699 isque

193 720 253 785 luae
274 727 344 785 arat
365 719 487 800 infelix,
510 718 571 783 hae
593 725 680 784 tenet
702 723 790 784 arma
812 740 916 807 manu.

150 825 207 889 sub
229 823 321 908 galea
342 828 450 907 pastor
470 812 585 887 iunctis
606 821 677 906 pice
700 828 807 887 cantat
828 823 948 905 avenis,

192 946 310 1010 proque
331 926 405 1010 lupo
426 924 563 1009 pavidae
585 925 669 990 bella
690 932 839 990 verentur
860 945 944 993 oves.

149 1028 205 1095 vix
227 1049 287 1114 ope
310 1028 428 1094 castelli
451 1027 658 1093 defendimur.
683 1034 714 1092 et
737 1035 842 1092 tamen
865 1028 950 1094 intus

192 1131 294 1196 mixta
315 1131 393 1196 facit
415 1130 544 1196 Graecis
567 1131 702 1195 barbara
723 1126 816 1197 turba
838 1138 965 1196 metum.

151 1235 268 1319 quippe
290 1235 381 1300 simul
403 1234 495 1301 nobis
517 1234 640 1298 habitat
662 1233 842 1300 discrimine
865 1235 949 1300 nullo

193 1338 346 1404 barbarus
369 1343 401 1402 et
422 1337 496 1403 tecti
518 1338 590 1422 plus
612 1356 736 1419 quoque
758 1345 848 1421 parte
870 1344 966 1402 tenet.

151 1461 228 1523 quos
251 1448 284 1505 ut
307 1460 369 1505 uon
392 1442 513 1522 timeas,
536 1439 637 1524 possis
659 1439 764 1505 odisse
786 1439 923 1505 videndo

193 1543 326 1629 pellibus
349 1550 380 1609 et
401 1544 497 1626 longa
519 1563 648 1627 corpora
669 1549 754 1608 tecta
777 1563 874 1609 coma.

150 1645 208 1712 hos
231 1667 363 1730 quoque,
387 1646 440 1729 qui
462 1645 562 1730 geniti
585 1645 681 1711 Graia
703 1646 872 1711 creduntur
892 1647 933 1711 ab
958 1646 1044 1727 urbe,

193 1770 249 1834 pro
271 1750 372 1834 patrio
396 1749 479 1813 cultu
501 1749 629 1814 Persica
650 1749 747 1814 braca
769 1750 855 1833 tegit.

152 1858 301 1916 exercent
323 1851 369 1915 illi
391 1852 496 1916 sociae
519 1852 705 1916 commercia
726 1852 871 1935 linguae:

194 1974 251 2038 per
272 1960 396 2038 gestum
417 1974 468 2019 res
490 1961 539 2018 est
560 1953 770 2037 significanda
791 1954 878 2018 mihi.

153 2057 303 2122 barbarus
325 2055 378 2121 hic
400 2075 459 2139 ego
482 2076 561 2138 sum,
585 2056 743 2138 quianon
765 2057 929 2141 intellegor
951 2060 1014 2141 ulli,

196 2158 353 2224 strident
375 2157 478 2224 stolidi
500 2159 599 2223 verba
620 2158 735 2224 Latina
758 2159 866 2225 Getae.

152 2282 265 2345 meque
287 2262 392 2347 palam
415 2261 455 2328 de
477 2282 528 2326 me
549 2267 617 2326 tuto
639 2262 722 2327 mala
744 2282 838 2347 saepe
861 2264 1041 2351 loquuntur3

195 2367 326 2432 forsitan
349 2365 489 2432 obiciunt
511 2365 719 2449 exsiliumque
741 2366 828 2431 mihi.

152 2477 247 2553 utque
268 2468 313 2551 fit,
336 2468 370 2533 in
393 2489 427 2535 se
449 2468 569 2550 aliquid
589 2467 663 2550 dici,
686 2468 863 2535 dicentibus
885 2471 946 2536 illis

193 2572 358 2637 abnuerim
380 2572 524 2655 quotiens
545 2571 781 2655 adnuerimque,
804 2579 924 2656 putant.

152 2674 244 2757 adde,
266 2674 350 2759 quod
371 2674 521 2741 iniustum
544 2672 646 2759 rigido
668 2675 716 2740 ius
739 2675 853 2740 dicitur
875 2696 961 2758 ense,

195 2778 309 2844 dantur
331 2784 363 2844 et
384 2778 417 2843 in
441 2777 544 2844 medio
567 2778 698 2843 vulnera
721 2797 816 2863 saepe
838 2778 914 2845 foro.

152 2881 302 2947 odoram
324 2881 502 2962 Lachesim,
525 2900 606 2963 quae
629 2887 692 2945 tarn
714 2901 813 2965 grave
835 2881 922 2947 sidus
943 2880 1074 2948 habenti
1126 2968 1130 2971 Ι

194 2983 249 3049 fila
270 2983 358 3049 dedit
379 2983 464 3048 vitae
485 3005 550 3049 non
573 2984 716 3049 breviora
738 2986 842 3049 meael

153 3086 238 3169 quod
258 3086 380 3170 patriae
402 3087 491 3153 vultu
513 3092 682 3168 vestroque
705 3107 856 3167 caremus,
879 3087 983 3169 amici,
1055 3076 1058 3082 ’

196 3207 327 3271 sumque
349 3188 432 3270 quod
454 3189 487 3252 in
511 3189 628 3254 Getieis
649 3189 807 3273 gentibus,
831 3209 904 3255 ecce
927 3209 1052 3273 queror:

153 3296 285 3373 utraque
307 3310 410 3374 poena
430 3291 550 3375 gravis3
573 3292 672 3356 merui
695 3298 801 3356 tamen
823 3292 901 3358 urbe¹
923 3313 1038 3375 carere,

196 3413 260 3457 non
282 3392 381 3457 merui
403 3393 458 3457 tali
481 3393 611 3459 forsitan
635 3414 704 3460 esse
721 3394 802 3459 loco.
1199 3417 1234 3466 50

155 3493 230 3575 quid
252 3495 370 3577 loquor,-
393 3496 425 3560 a!
449 3495 601 3561 demens?
624 3497 724 3580 ipsam
747 3517 871 3580 quoque
892 3492 1025 3581 perdere
1047 3501 1149 3566 vitam

198 3598 341 3663 Caesaris
363 3597 483 3663 offenso
504 3599 633 3663 nurnine
651 3599 770 3682 dignus
792 3601 890 3664 oram!
945 3590 949 3595 ’
987 3662 990 3669 .

205 3913 273 3960 mua
285 3913 417 3968 cucumula
430 3913 524 3970 &didita
543 3915 580 3969 (u.
596 3915 679 3970 &natm
694 3916 715 3960 iu
730 3917 821 3972 triopa.)
997 3914 1028 3962 la

40 3978 48 4069 l
