2934 4117
654 165 768 234 orentes:
788 166 824 221 11.
842 165 931 234 &citou

471 390 519 460 11.
541 395 608 462 bet
629 388 685 460 24.
708 391 869 460 Jsbtoct.
900 391 1122 477 asperoque.

615 512 775 593 (discatque
796 526 846 574 nou
869 509 973 592 ocuti.)

281 650 398 715 Ultima
419 649 608 732 Tarquinius
629 650 792 714 Romanae
813 649 918 732 gentis
939 648 1077 715 babebat

321 771 429 836 regna,
451 753 501 816 vir·
522 751 666 834 iniustus,
689 752 778 817 fortis
800 751 842 815 ad
864 772 951 817 arma
972 758 1087 818 tamen

280 860 407 940 ceperat
427 854 481 920 hic
503 856 592 937 alias,
616 855 695 919 alias
719 861 874 919 everterat
895 856 999 937 urbes,

226 951 228 954 ⁴
323 962 355 1023 et
377 958 492 1024 Gabios
514 960 597 1042 turpi
619 958 737 1023 fecerat
759 965 826 1023 arte
848 978 929 1024 suos.

280 1080 416 1143 namque
438 1061 531 1125 trium
553 1061 712 1142 minimus,
734 1062 839 1144 proles
860 1061 1028 1127 manifesta
1049 1062 1192 1146 Superbi,
1340 1083 1357 1129 5

322 1165 355 1229 in
377 1164 497 1230 medios
518 1163 626 1231 hostes
648 1171 741 1230 nocte
763 1165 876 1230 silente
897 1165 993 1229 venit.

280 1266 436 1331 nudarant
457 1266 596 1351 gladios:
618 1260 773 1332 ‘occidite’
796 1265 878 1331 dixit
899 1261 1075 1332 inermem!

322 1369 383 1435 hoo
404 1370 532 1455 cupiant
554 1370 666 1435 fratres
688 1370 939 1453 Tarquiniusque
961 1376 1059 1455 pater,

281 1473 333 1555 qui
355 1493 427 1538 mea
448 1473 567 1553 erudeli
588 1474 739 1539 laceravit
760 1474 892 1538 verbere
914 1468 1025 1558 terga.²

323 1575 427 1642 dicore
449 1581 484 1641 ut
505 1576 565 1641 hoe
586 1582 702 1660 posset,
726 1577 859 1642 verbera
880 1597 993 1660 passus
1015 1584 1090 1642 erat.
1327 1600 1359 1646 10

280 1681 354 1744 luna
376 1680 444 1745 fuit.
489 1685 633 1765 spectant
656 1680 804 1745 iuvenem
825 1679 1011 1764 gladiosque
1033 1680 1205 1745 recondunt

322 1789 473 1867 tergaque
495 1781 630 1859 deducta
652 1789 742 1849 veste
763 1789 872 1848 notata
894 1782 1011 1849 vident.

280 1885 356 1951 flent
379 1905 510 1970 quoque,
535 1893 566 1951 et
587 1893 623 1951 ut
644 1906 751 1952 secum
773 1892 897 1951 tucatur
918 1886 1011 1967 bella,
1034 1895 1214 1970 precantur:

324 1989 454 2054 callidus
475 1989 595 2074 ignaris
616 1988 728 2055 adnuit
748 1990 802 2055 ille
824 1990 908 2055 viris.

280 2094 405 2175 iamque
428 2099 540 2177 potens
562 2093 658 2158 misso
680 2092 855 2177 genitorem
877 2094 1015 2177 appellat
1036 2094 1147 2176 amico,
1330 2115 1359 2163 to

322 2195 475 2280 perdendi
498 2196 614 2262 Gabios
637 2195 721 2281 quod
744 2197 804 2262 sibi
826 2202 977 2262 monstret
998 2198 1065 2262 iter.

280 2299 388 2365 bortus
410 2299 546 2365 odoratis
569 2302 696 2366 suberat
719 2300 909 2366 cultissimus
931 2299 1045 2382 herbis,

324 2411 427 2469 sectus
450 2403 577 2468 humum
599 2404 667 2469 rivo
689 2404 761 2469 lene
783 2404 924 2470 sonantis
945 2423 1055 2488 aquae.

281 2507 344 2570 illic
365 2506 553 2590 Tarquinius
575 2507 724 2571 mandata
747 2508 878 2572 latentia
899 2508 965 2572 nati

324 2609 437 2693 accipit
460 2618 491 2673 ct
512 2610 602 2694 virga
624 2609 691 2673 lilia
713 2630 836 2675 summa
856 2611 956 2675 metit.

282 2712 409 2777 nuntius
431 2718 466 2776 ut
487 2711 580 2777 rediit
601 2712 797 2796 decussaque
819 2712 884 2777 lilia
906 2712 996 2793 dixit,

323 2815 406 2880 filius
428 2807 575 2898 ‘agnosco
597 2816 683 2880 iussa
704 2812 855 2901 parentis'
877 2815 930 2880 ait.

283 2939 342 2984 nec
363 2938 463 2983 mora:
486 2918 679 3003 principibus
702 2918 803 2984 eaesis
826 2939 867 2983 ex
889 2918 967 2984 urbe
990 2918 1123 3000 Gabina,

324 3021 489 3086 traduntur
511 3021 642 3088 ducibus
664 3021 788 3087 moenia
810 3020 895 3086 nuda
917 3021 990 3086 suis.

503 3201 553 3271 12.
576 3207 642 3273 bat
664 3201 694 3272 1.
717 3205 829 3287 stlta.
863 3204 1089 3274 bttcttooolto.

283 3324 328 3397 ‘Si
348 3331 421 3394 licet
444 3331 581 3395 occultos
602 3330 739 3396 monitus
760 3330 870 3396 audire
892 3330 1020 3396 deorum

326 3434 460 3514 vatibus,
483 3438 518 3497 ut
539 3440 623 3498 certe
645 3433 731 3498 fama
753 3435 846 3499 licere
868 3438 966 3518 putat,

283 3554 354 3599 curn
376 3535 420 3600 sis
442 3533 563 3615 officiis,
588 3534 735 3618 Gradive,
759 3536 901 3601 virilibus
923 3541 1025 3620 aptus,

327 3635 378 3700 die
398 3636 486 3717 mibi,
510 3645 670 3702 matronae
693 3658 749 3703 cur
770 3645 825 3703 tua
845 3639 929 3704 festa
949 3633 1073 3704 colant.³

285 3738 330 3807 sic
352 3758 423 3822 ego;
447 3739 493 3804 sic
514 3741 617 3823 posita
638 3739 719 3804 dixit
742 3742 819 3806 mihi
841 3741 964 3807 casside
987 3743 1121 3824 Mavors,
1347 3765 1364 3814 s
