2934 4117
286 152 346 214 160
617 166 729 236 [ilcqieut
749 167 799 223 III.
818 166 979 237 ffthelieber.

281 346 315 404 at
337 339 414 404 mihi
436 340 568 405 sentitur
590 340 647 403 nix
670 359 768 405 verno
790 341 855 405 sole
877 340 986 422 soluta,

325 462 467 526 quaeque
489 443 559 507 lacu
581 441 659 507 duro
681 462 745 508 non
768 441 928 508 fodiuntur
950 464 1068 527 aquae:

281 565 341 610 nec
361 565 448 610 mare
471 543 643 611 concrescit
664 545 775 630 glacie,
799 565 858 610 nec
880 551 1021 629 utente,
1044 566 1109 631 per*
1123 547 1262 613 Histrum

269 638 271 658 ³
324 646 455 713 stridula
477 649 677 714 Sauromates
698 649 838 732 plaustra
859 649 1012 715 bubulcus
1034 650 1108 735 agit.
1324 669 1358 716 ao

280 750 433 835 incipient
454 752 578 834 aliquae
600 758 707 816 tamen
729 751 792 817 huc
813 751 932 818 adnare
954 754 1090 835 carinae,

239 923 242 927 ,
325 854 511 939 hospitaque
532 854 566 920 in
587 856 681 920 Ponti
702 855 792 921 litore
813 856 928 940 puppis
951 856 1024 922 erit:

281 956 408 1024 sedulus
430 977 591 1024 occurram
612 964 738 1040 nautae,
762 957 908 1041 dictaque
931 961 1040 1042 salute,

324 1061 400 1144 quid
421 1062 537 1143 veniat,
562 1081 719 1145 quaeram,
744 1062 854 1143 quisve
877 1061 1031 1145 quibusve
1052 1062 1137 1129 locis.

280 1165 333 1230 ille
356 1164 482 1249 quidem
504 1165 617 1230 mirum
639 1165 673 1230 ni
695 1164 736 1230 de
757 1165 885 1249 regione
907 1166 1084 1250 propinqua

323 1289 387 1333 non
409 1267 471 1333 nisi
493 1268 614 1333 vicinas
636 1274 721 1333 tutus
744 1268 840 1332 ararit
861 1287 970 1351 aquas.

281 1391 370 1436 rarus
391 1370 432 1436 ab
454 1370 548 1435 Italia
568 1377 691 1436 tantum
713 1391 800 1436 mare
823 1371 933 1437 navita
954 1371 1075 1453 transit,

323 1474 415 1539 litora
436 1494 525 1539 rarus
546 1473 579 1538 in
602 1472 682 1538 haec
703 1474 856 1559 portubus
878 1475 955 1540 orba
977 1476 1073 1541 venit.

282 1578 349 1644 sive
371 1584 478 1642 tamen
500 1576 623 1643 Graeca
644 1577 758 1658 scierit,
782 1577 851 1643 sive
872 1576 926 1643 ille
947 1577 1062 1644 Latina

324 1700 403 1746 voce
424 1681 508 1763 loqui
529 1718 572 1727 -
595 1685 679 1745 certe
700 1680 820 1765 gratior
840 1679 934 1746 huius
957 1681 1030 1764 erit3

282 1785 331 1851 fas
353 1804 475 1868 quoque
497 1784 538 1848 ab
561 1804 614 1849 ore
636 1783 709 1848 freti
730 1784 908 1867 longaeque
929 1782 1137 1868 Propontidos
1158 1783 1252 1849 undis

324 1887 387 1953 huc
407 1887 544 1968 aliquem
567 1894 651 1953 certo
673 1887 747 1953 vela
768 1886 894 1953 dedisse
915 1893 990 1953 noto
1012 1911 1067 1950 -t

270 1984 422 2074 ‘quisquis
443 1991 471 2055 is
494 1997 550 2072 est,
575 1991 704 2056 memori
726 2011 883 2056 rumorem
904 2010 982 2056 voce
1003 1991 1120 2055 referre

326 2101 358 2159 et
378 2093 447 2158 lieri
468 2092 573 2173 famae
595 2113 730 2177 parsque
753 2094 933 2176 gradusque
954 2099 1066 2177 potest.

282 2200 319 2280 is,
341 2216 459 2282 precor,
482 2195 607 2261 auditos
628 2197 727 2281 possit
750 2217 878 2262 narrare
900 2195 1075 2280 triumphos

326 2299 469 2368 Caesaris
492 2307 524 2364 et
545 2299 636 2364 Latio
658 2299 783 2365 reddita
805 2307 879 2365 vota
900 2300 978 2381 Iovi,

283 2412 314 2470 te
336 2422 460 2487 quoqne
481 2403 638 2484 bellatrix,
662 2402 802 2484 tandem,
825 2403 1003 2484 Germania,
1027 2404 1134 2485 magni

324 2507 412 2573 triste
435 2514 528 2590 caput
550 2506 684 2589 pedibus
707 2507 910 2591 supposuisse
933 2505 1029 2572 ducis.

282 2612 361 2676 haec
382 2610 460 2675 mihi
483 2610 536 2693 qui
558 2610 683 2690 referet,
707 2629 789 2691 quae
812 2630 876 2674 non
898 2609 1018 2675 vidisse
1040 2607 1161 2691 dolebo,

324 2714 377 2778 ille
398 2733 489 2778 meae
511 2711 617 2778 domui
638 2714 779 2797 protinus
801 2711 916 2797 hospes
939 2714 1005 2778 erit.

282 2819 311 2882 ei
333 2816 424 2881 mihil
447 2817 552 2881 iamne
575 2815 685 2882 domus
708 2816 857 2900 Scythico
879 2816 1016 2881 Nasonis
1037 2815 1071 2880 in
1092 2817 1167 2882 orbe
1189 2820 1257 2882 est?

324 2921 449 3003 iamque
472 2939 562 2985 suum
585 2919 661 2983 mihi
684 2918 739 2984 dat
760 2940 817 3003 pro
839 2919 905 2984 lare
926 2925 1010 2985 terra
1031 2920 1155 2984 locum?

281 3023 314 3087 di
336 3022 441 3103 facite,
464 3029 499 3087 ut
521 3023 638 3089 Caesar
660 3042 723 3088 non
746 3021 797 3086 hic
819 3023 981 3106 penetrale
998 3020 1202 3104 domumque,

323 3126 493 3210 hospitium
515 3146 637 3211 poenae
660 3125 716 3190 sed
739 3125 816 3190 velit
839 3145 907 3191 esse
930 3127 1032 3190 meae!

597 3306 628 3377 5.
651 3308 849 3389 bcbcilbotc
870 3307 995 3376 tribea.

280 3437 434 3518 Tempore
455 3434 607 3499 ruricolae
629 3433 753 3519 patiens
776 3434 811 3498 fit
833 3440 940 3499 taurus
961 3435 1066 3516 aratri,

324 3536 454 3620 praebet
477 3543 509 3601 et
530 3537 660 3602 incurvo
683 3537 763 3601 oolla
784 3535 959 3621 premenda
979 3538 1069 3620 ing03

283 3644 421 3721 tempore
442 3646 532 3722 paret
555 3659 652 3721 equus
674 3640 767 3705 lentis
790 3640 948 3705 animosus
970 3640 1103 3706 habenis

325 3744 357 3802 et
377 3738 501 3822 placido
524 3739 617 3806 duros
639 3741 755 3826 accipit
777 3762 830 3807 ore
852 3743 955 3827 lupos;
