2934 4117
604 158 628 212 8.
652 153 790 223 matheus.

184 349 291 409 vosne,
315 347 417 409 senes,
440 327 543 408 mirer,
567 327 619 409 qui
641 327 737 411 longa
758 347 815 412 per
835 346 974 410 aequora
995 326 1080 393 vecti

184 432 245 496 hac
265 434 383 515 Tyron,
406 431 467 495 hac
489 430 638 515 profugos
658 430 807 515 posuistis
829 429 904 495 sede
926 437 1067 515 penates,

184 554 268 598 nunc
290 533 393 599 sinitis
415 533 483 598 sine
504 533 604 597 Marte
627 532 720 617 capi?
743 552 850 613 vosne,
873 533 974 598 aerior
995 540 1094 613 aetas,

184 636 365 717 oiuvenes,
387 636 573 721 propiorque
595 655 695 717 meae,
719 655 797 718 quos
818 655 907 700 arma
929 641 1046 715 tenere,

184 761 245 805 non
268 740 394 823 thyrsos
415 741 569 824 galeaque
591 739 668 823 tegi,
690 760 753 804 non
775 737 887 820 fronde
909 738 1063 804 decebat?

184 849 260 925 este,
283 863 405 928 precor,
428 861 591 924 memores,
615 863 677 925 qua
699 842 769 907 sitis
790 841 888 925 stirpe
911 842 1017 923 creati,

183 946 330 1029 illiusque
352 946 483 1025 animos,
507 945 561 1027 qui
583 945 697 1009 multos
718 944 857 1029 perdidit
878 964 969 1025 unus,

185 1033 303 1114 sumite
320 1048 489 1134 serpentis!
512 1069 569 1132 pro
592 1048 731 1113 fontibus
754 1048 807 1112 ille
828 1048 961 1129 lacuque

183 1154 316 1218 interiit:
339 1158 373 1217 at
394 1172 450 1218 vos
472 1171 528 1237 pro
550 1150 636 1216 fama
659 1151 777 1216 vincite
798 1154 917 1216 vestra!

184 1257 237 1320 ille
259 1254 347 1320 dedit
367 1256 430 1321 leto
452 1254 558 1336 fortes,
581 1274 638 1319 vos
661 1254 767 1338 pellite
790 1255 900 1319 molles

186 1365 217 1422 et
240 1358 376 1442 patrium
399 1357 531 1422 retinete
554 1356 659 1421 decus.
684 1356 710 1420 si
734 1356 801 1419 fata
823 1358 974 1421 vetabant

185 1467 268 1526 stare
290 1459 344 1524 diu
366 1458 503 1539 Thebas,
527 1459 647 1523 utinam
669 1464 825 1523 tormenta
846 1458 968 1539 virique

185 1560 310 1625 moenia
332 1560 492 1626 diruerent
514 1562 693 1644 ferrumque
715 1561 863 1645 ignisque
886 1563 1045 1625 sonarent!
1075 1579 1079 1586 ’

186 1682 324 1728 essemus
346 1663 452 1732 miseri
474 1663 542 1728 sine
565 1664 704 1743 crimine,
727 1682 858 1745 sorsque
881 1663 1050 1746 querenda,
1186 1731 1199 1738 ..

187 1786 248 1831 non
271 1764 404 1829 celanda
424 1764 516 1847 foret,
538 1766 747 1849 lacrimaeque
769 1764 887 1850 pudore
911 1775 1060 1830 carerent.
1156 1833 1157 1836 Ἴ
1230 1792 1264 1839 25

185 1875 219 1934 at
240 1890 324 1934 nunc
345 1890 367 1934 a
387 1890 485 1954 puero
507 1869 637 1936 Thebae
660 1870 823 1954 capientur
845 1870 967 1951 inermi,

187 1992 279 2055 quem
301 1992 405 2055 neque
427 1973 511 2038 bella
532 1973 641 2038 iuvant
664 1992 723 2037 nec
745 1973 808 2036 tela
830 1992 890 2037 nec
912 1992 987 2037 usus
1009 1992 1168 2054 equorum,

186 2073 242 2141 sed
264 2074 382 2140 madidi
406 2096 511 2141 murra
533 2075 635 2141 crines
657 2075 828 2158 mollesque
851 2094 983 2141 coronae

186 2197 387 2262 purpuraque
411 2184 442 2243 ct
464 2178 557 2262 pictis
578 2178 735 2242 intextum
757 2177 899 2243 vestibus
921 2198 1039 2242 aurum.

187 2301 280 2364 quem
297 2279 424 2363 quidem
441 2301 499 2365 ego
514 2286 653 2345 actutum
665 2318 707 2327 -
718 2279 811 2347 modo
826 2299 883 2346 vos
898 2279 1094 2346 absistite-
1108 2301 1217 2365 cogam
1230 2307 1264 2354 30

187 2383 452 2468 adsumptumque
474 2391 595 2469 patrem
619 2391 858 2467 commentaque
880 2403 969 2449 sacra
990 2384 1092 2448 fateri.

187 2507 229 2551 an
252 2487 329 2551 satis
352 2487 472 2552 Acrisio
495 2494 543 2553 est
564 2487 672 2569 animi,
696 2493 896 2553 contemnere
918 2508 1036 2552 vanum

188 2609 304 2654 numen
327 2596 359 2655 et
380 2590 543 2673 Argolicas
565 2590 705 2656 venienti
727 2589 873 2655 claudere
895 2597 1011 2674 portas,

187 2692 331 2757 Penthea
352 2691 482 2756 terrebit
505 2712 575 2757 oum
597 2693 671 2758 totis
692 2692 819 2757 advena
839 2692 983 2758 Thebis?

188 2796 232 2859 ite
254 2789 328 2875 citi,
356 2833 388 2842 —
416 2795 542 2860 famulis
563 2794 624 2860 hoc
645 2796 779 2880 imperat
800 2834 843 2843 —
866 2788 928 2875 ‘ite,
953 2795 1127 2879 ducemque
1230 2819 1265 2868 35

188 2896 336 2961 attrahite
358 2896 420 2961 huc
442 2895 597 2962 vinctum!
621 2897 713 2963 iussis
736 2918 823 2962 mora
845 2899 952 2982 segnis
973 2896 1104 2963 abesto.²
1156 2935 1168 2952 =

189 2998 272 3063 hunc
294 3018 382 3080 avus,
405 2998 490 3064 hunc
511 3000 674 3081 Athamas,
697 3000 781 3065 hunc
803 3007 907 3066 cetera
929 3002 1020 3066 turba
1043 3022 1168 3067 suorum

190 3100 360 3186 corripiunt
381 3101 474 3167 dictis
496 3102 672 3186 frustraque
694 3103 837 3168 inhibere
859 3104 1011 3169 laborant.

189 3203 289 3269 acrior
309 3204 473 3270 admonitu
496 3212 551 3289 est,
575 3206 776 3290 imitaturque
799 3213 922 3272 retenta

191 3312 221 3370 et
243 3306 354 3372 crescit
375 3307 489 3389 rabies,
512 3310 783 3392 remoraminaque
804 3310 874 3393 ipsa
896 3310 1061 3374 nocebant.
1231 3329 1267 3377 40

191 3409 236 3473 sic
258 3428 316 3493 ego
338 3415 518 3492 torrentem,
542 3431 604 3495 qua
627 3412 671 3476 nil
694 3413 840 3478 obstabat
863 3412 959 3493 eunti,

191 3510 291 3576 lenius
314 3518 346 3577 et
368 3511 490 3578 modico
513 3515 646 3599 strepitu
668 3514 833 3580 decurrere
855 3513 935 3580 vidi:

191 3618 224 3675 at
245 3633 441 3697 quacumque
463 3617 569 3682 trabes
591 3617 811 3701 obstructaque
833 3636 913 3680 saxa
934 3616 1093 3698 tenebant,

193 3734 337 3797 spumeus
361 3723 392 3781 et
415 3716 541 3783 fervens
563 3724 595 3783 et
616 3720 656 3783 ah
678 3719 769 3784 obice
791 3718 915 3783 saevior
936 3719 1011 3785 ibat.
