2934 4117
599 206 623 259 8.
648 201 786 271 henricus.

180 377 372 460 „verteris‘l“
396 383 428 442 et
449 376 504 442 lati
527 376 624 441 rictus
646 382 678 439 et
699 375 806 459 panda
826 376 966 457 loquenti

177 481 262 546 naris
285 486 362 562 erat,
385 497 611 562 squamamque
634 479 713 544 cutis
736 477 847 544 durata
869 478 1023 542 trahebat.

177 590 211 648 at
232 583 342 667 Libys,
365 583 527 648 obstantes
548 581 624 647 dum
646 582 713 646 vult
735 583 899 648 obvertere
920 601 1032 662 remos,

177 687 211 750 in
233 685 369 770 spatium
391 684 511 750 resilire
532 703 645 749 manus
666 684 765 750 breve
787 683 867 748 vidit
888 690 920 748 et
941 683 1012 749 illas

178 790 242 854 iam
263 809 328 854 non
350 808 419 853 esse
440 808 563 869 manus,
586 788 650 852 iam
672 807 795 872 pennas
816 806 910 872 posse
932 786 1046 853 vocari.

178 894 257 958 alter
278 892 321 957 ad
342 892 473 958 intortos
496 892 626 976 cupiens
647 890 723 956 dare
745 890 894 957 bracchia
916 890 1009 956 funes

179 996 327 1062 bracchia
349 1016 413 1060 non
434 995 545 1061 hahuit
567 1001 740 1076 truncoque
761 993 920 1078 repandus
942 993 976 1058 in
998 991 1100 1059 undas

180 1118 309 1184 corpore
330 1098 471 1183 desiluit3
494 1097 611 1163 falcata
633 1097 806 1163 novissima
827 1097 929 1162 cauda
950 1103 1008 1179 est,

180 1203 285 1285 qualia
307 1201 455 1266 dimidiae
478 1202 642 1266 sinuantur
663 1221 781 1266 cornua
801 1201 904 1266 lunae.

180 1305 319 1389 undique
342 1303 419 1369 dant
442 1305 539 1369 saltus
560 1305 721 1386 multaque
743 1302 933 1387 adspergine
954 1310 1061 1369 rorant

181 1413 407 1492 emerguntque
429 1408 541 1472 iterum
563 1406 759 1490 redeuntque
781 1408 839 1473 sub
862 1426 1000 1489 aequora
1021 1427 1127 1473 rursus
1181 1433 1183 1438 ¹

181 1513 277 1595 inque
299 1511 386 1576 chori
408 1510 521 1576 ludunt
542 1512 679 1596 speciem
701 1510 882 1594 lascivaque
904 1510 1023 1574 iactant

183 1634 312 1699 corpora
334 1620 366 1679 et
388 1621 552 1699 acceptum
573 1614 689 1699 patulis
711 1633 798 1678 mare
819 1614 949 1678 naribus
972 1613 1089 1678 efflant.

182 1718 223 1783 de
245 1716 337 1782 modo
360 1716 473 1800 viginti
499 1756 535 1765 -
560 1723 606 1782 tot
629 1717 713 1781 enim
735 1717 813 1781 ratis
834 1716 888 1780 illa
910 1715 1032 1781 ferebat
1056 1754 1096 1763 -
1231 1734 1280 1783 rec

182 1821 339 1886 restabam
363 1820 455 1886 solus.
478 1820 629 1905 pavidum
651 1819 853 1903 gelidumque
875 1820 1021 1885 trementi

184 1943 311 2008 empore
333 1924 451 2005 vixque
473 1943 577 1988 meum
598 1923 703 1988 firmat
725 1923 803 1988 deus
827 1921 980 2006 „excute“
1004 1922 1114 1988 dicens
1186 1974 1190 1982 .

186 2025 299 2112 „corde
320 2033 438 2091 metum
461 2027 617 2108 Diamque
640 2027 743 2090 tene.“
769 2025 891 2090 delatus
912 2025 946 2089 in
969 2025 1054 2090 illam

183 2129 302 2195 accessi
324 2127 448 2212 Satyris
468 2129 676 2212 Baccheaque
697 2149 788 2194 sacra
809 2124 994 2211 frequento?

227 2225 443 2298 ‘Praebuimus
465 2227 577 2316 longis’
599 2233 760 2298 Pentheus
781 2225 979 2316 ‘amhagibus
1001 2229 1104 2298 aures‘
1233 2250 1282 2298 ros

184 2335 295 2417 inquit,
319 2327 364 2402 ‘ut
386 2335 434 2399 ira
455 2356 543 2400 mora
564 2335 647 2400 vires
669 2336 835 2400 absumere
857 2342 972 2420 posset.

184 2425 388 2524 praecipitem
411 2438 519 2503 famuli
540 2439 642 2523 rapite
664 2438 759 2519 hunc,
782 2439 982 2519 cruciataque
1005 2436 1081 2503 diris

186 2562 315 2626 corpora
336 2542 499 2607 tormentis
520 2542 653 2626 Stygiae
675 2541 830 2606 demittite
852 2534 958 2606 nocti‘

185 2646 326 2730 protinus
347 2645 523 2710 abstractus
546 2644 652 2710 solidis
673 2644 857 2728 Tyrrhenus
878 2646 1013 2710 Acoetes

188 2747 341 2813 clauditur
361 2747 396 2812 in
418 2747 523 2833 tectis3
547 2755 578 2813 et
601 2748 675 2813 dum
699 2748 837 2812 crudelia
858 2748 963 2813 iussae

187 2852 393 2916 instrumenta
414 2850 502 2916 necis
524 2851 703 2933 ferrumque
725 2852 879 2935 ignesque
899 2857 1059 2936 parantur,

188 2958 299 3037 sponte
321 2972 379 3018 sua
399 2951 539 3038 patuisse
561 2954 644 3018 fores
665 2954 833 3038 lapsasque
855 2953 980 3019 lacertis

188 3062 299 3141 sponte
321 3075 378 3121 sua
400 3056 486 3120 fama
509 3063 556 3121 est
577 3057 662 3121 nullo
685 3057 828 3121 solvente
850 3063 987 3122 catenas.

231 3161 354 3224 Perstat
375 3158 574 3224 Echionides.
598 3179 657 3224 uec
678 3159 743 3223 iam
765 3159 853 3225 iubet
875 3160 931 3240 ire,
954 3157 1011 3224 sed
1033 3159 1102 3243 ipse

188 3262 284 3343 vadit,
308 3263 363 3328 ubi
385 3263 503 3329 electus
525 3261 671 3328 facienda
693 3262 736 3327 ad
757 3281 847 3327 sacra
870 3263 1039 3329 Cithaeron

188 3366 332 3431 cantibus
355 3372 385 3431 et
408 3366 492 3430 clara
513 3366 722 3431 bacchantum
746 3385 823 3431 voce
845 3368 986 3431 sonabat.

188 3475 222 3532 ut
244 3467 349 3532 fremit
369 3487 444 3533 acer
466 3488 573 3551 equus,
597 3489 668 3535 cum
689 3467 821 3534 bellicus
842 3488 915 3533 aere
937 3487 1051 3532 canoro

188 3570 281 3653 signa
302 3569 390 3635 dedit
412 3570 549 3652 tubicen,
571 3590 762 3655 pugnaeque
783 3569 920 3636 adsumit
941 3589 1089 3650 amorem,

188 3671 330 3738 Penthea
352 3672 398 3738 sic
420 3673 501 3739 ictus
522 3674 624 3759 longis
646 3673 816 3740 ululatibus
837 3673 945 3738 aether

189 3775 295 3860 movit,
319 3782 351 3842 et
372 3775 480 3842 audito
503 3778 637 3844 clamore
658 3776 824 3843 recanduit
845 3778 900 3842 ira.
