2934 4117
608 157 648 210 14.
672 152 762 209 arna.
1161 138 1204 201 43

178 329 238 412 cuth
253 348 285 411 pr
298 329 392 408 note,
413 332 455 393 bet
470 327 588 411 Ptuipiu
606 341 658 391 ton
671 326 785 408 hietro,
806 328 892 410 udde
910 327 939 391 iu
956 328 1025 407 ilyter
1038 327 1147 410 huqeub
1167 326 1205 390 bie

178 423 292 506 hucque
306 426 398 488 letum
414 424 510 506 peierat
524 424 598 502 botta.

220 533 324 618 Lydia
345 539 411 600 tota
432 532 547 615 fremit,
569 533 791 619 Phrygiaeque
812 553 870 618 per
891 531 1008 618 oppida
1028 530 1105 597 facti

176 658 280 703 rumor
301 637 327 701 it
348 642 380 701 et
401 656 552 720 magnum
573 637 769 702 sermonibus
789 642 922 721 occupat
944 636 1061 701 orbem.

177 747 251 806 ante
273 760 347 805 suos
368 740 470 806 Niobe
492 738 647 805 thalamos
669 745 861 823 cognoverat
881 739 977 819 illam,

177 850 244 908 tum
266 863 336 908 oum
358 842 536 908 Maeoniam
557 843 648 926 virgo
670 842 877 926 Sipylumque
899 841 1035 925 colebat;

176 966 237 1010 nec
258 952 364 1011 amen
386 944 549 1011 admonita
571 952 619 1010 est
640 965 744 1029 poena
764 944 925 1030 popularis
945 943 1109 1010 Arachnes
1235 967 1252 1014 a

177 1047 289 1114 cedere
311 1048 477 1113 caelitibus
498 1048 667 1131 verbisque
688 1048 861 1114 minoribus
882 1048 938 1113 uti.

177 1152 276 1215 multa
297 1150 417 1215 dabant
438 1151 574 1217 animos:
598 1148 656 1216 sed
677 1151 762 1215 enim
783 1170 843 1216 nec
866 1150 1007 1233 coniugis
1028 1156 1112 1214 artes

176 1273 237 1319 nee
257 1273 358 1337 genus
380 1255 543 1320 amborum
565 1253 736 1338 magnique
756 1254 898 1338 potentia
919 1253 1008 1336 regni

177 1356 224 1423 sie
243 1357 390 1441 placuere
411 1356 467 1438 illi,
491 1357 635 1438 quamvis
657 1376 696 1421 ea
717 1362 832 1422 cuneta
853 1357 1022 1440 placerent,

177 1465 212 1524 ut
234 1478 291 1524 sua
313 1458 489 1544 progenies.
513 1467 545 1524 et
566 1457 748 1525 felicissima
769 1466 903 1524 mauum

177 1560 263 1628 dieta
283 1560 364 1627 foret
384 1561 496 1642 Niobe,
520 1562 547 1628 si
568 1582 631 1627 uon
655 1561 716 1627 sibi
737 1562 807 1627 risa
828 1561 949 1627 fuisset.

178 1685 253 1729 nam
274 1670 345 1730 sata
365 1663 487 1729 Tiresia
508 1666 632 1729 venturi
653 1665 798 1749 praescia
818 1664 925 1729 Manto

178 1786 235 1851 per
255 1766 377 1832 medias
398 1765 501 1832 fuerat
521 1766 630 1832 divino
653 1766 777 1833 concita
798 1774 883 1833 motu

178 1870 351 1936 vaticinata
372 1870 455 1936 vias:
478 1864 673 1951 ‘Ismenides
695 1869 740 1936 ite
762 1870 943 1954 frequentes

178 1979 211 2038 et
232 1970 306 2038 date
327 1974 467 2038 Latonae
488 1974 755 2057 Latonigenisque
777 1974 899 2040 duobus
1019 1963 1021 1966 ’
1222 1995 1254 2043 15

179 2095 250 2142 cum
273 2094 366 2160 prece
388 2082 458 2141 tura
479 2077 534 2161 pia
554 2076 704 2158 lauroque
724 2076 876 2143 innectite
899 2076 1029 2143 crinem!

177 2199 232 2245 ore
253 2198 325 2244 meo
345 2180 468 2244 Latona
490 2175 598 2245 iubet'
620 2186 756 2263 paretur,
779 2187 811 2245 et
832 2200 941 2245 omnes

177 2281 358 2347 Thebaides
379 2282 473 2348 iussis
495 2302 552 2348 sua
574 2290 715 2366 tempora
737 2282 900 2348 frondibus
921 2289 1034 2348 ornant
1142 2329 1146 2336 -

177 2391 311 2467 turaque
332 2384 411 2449 dant
432 2384 550 2452 sanctis
572 2391 605 2450 et
625 2385 724 2451 verba
745 2386 908 2469 precantia
929 2384 1072 2450 flammis.

221 2487 304 2553 Ecce
325 2487 414 2554 venit
435 2489 584 2554 comitum
605 2489 708 2555 Niobe
730 2488 932 2554 celeberrima
955 2489 1054 2568 turba,
1220 2509 1254 2558 ao

178 2590 320 2656 vestibus
342 2591 464 2657 intexto
486 2591 635 2675 Phrygiis
657 2591 839 2676 spectabilis
859 2611 936 2656 auro

178 2701 220 2774 et,
244 2700 396 2776 quantum
417 2696 464 2760 ira
486 2695 570 2777 sinit,
592 2695 743 2781 formosa3
766 2715 959 2778 movensque
981 2693 1093 2759 decoro

179 2817 251 2861 cum
273 2797 376 2880 capite
397 2798 552 2864 immissos
574 2818 716 2864 umerum
738 2818 795 2883 per
816 2805 981 2880 utrumque
1004 2796 1131 2881 capillos

179 2900 326 2965 constitit.
349 2907 446 2983 utque
468 2902 574 2967 oculos
595 2899 782 2967 circumtulit
803 2901 868 2965 alta
889 2901 1049 2984 superbos,

178 2996 260 3085 ‘quis
282 3001 375 3083 furor,
398 3000 533 3069 auditos'
554 3003 657 3085 inquit
678 2997 881 3088 ‘praeponere
904 3002 980 3068 visis
1220 3027 1252 3073 25

179 3105 355 3172 caelestes?
377 3113 432 3171 aut
454 3126 509 3171 eur
531 3107 641 3173 colitur
661 3108 784 3172 Latona
805 3126 862 3191 per
882 3126 964 3186 aras,

177 3226 297 3272 numen
315 3208 419 3274 adhuc
438 3209 506 3274 sine
525 3216 593 3275 ture
613 3229 718 3275 meum
733 3211 802 3274 cst?
822 3207 900 3273 mihi
918 3209 1070 3274 Tantalus
1088 3215 1206 3290 auctor,

178 3308 230 3374 cui
251 3308 338 3376 licuit
360 3311 417 3376 soli
439 3331 621 3396 superorum
643 3318 775 3395 tangere
796 3331 935 3396 mensas3

177 3412 342 3478 Pleiadum
363 3433 448 3479 soror
470 3423 518 3480 est
539 3416 685 3500 genetrix
707 3436 792 3500 mea;
815 3415 971 3479 maximus
994 3415 1082 3480 Atlas

179 3523 229 3582 est
250 3536 339 3598 avus,
361 3517 536 3584 aetherium
558 3519 613 3602 qui
634 3520 695 3585 fert
717 3520 892 3585 cervicibus
913 3538 1021 3602 axem3
1219 3539 1255 3589 ao

178 3618 320 3704 Iuppiter
341 3621 422 3685 alter
442 3641 535 3688 avus:
557 3641 664 3688 socero
686 3643 810 3706 quoque
831 3622 946 3706 glorior
967 3621 1028 3686 illo.

179 3740 232 3787 me
253 3730 365 3807 gentes
387 3730 530 3790 metuunt
551 3724 719 3812 Phrygiae,
743 3746 794 3791 me
816 3725 904 3811 regia
926 3724 1037 3791 Cadmi
