2934 4117
537 174 816 251 1311111111111.
1128 168 1186 259 l3l
1215 216 1218 223 .

201 368 275 443 quet
298 365 423 424 sumant
446 357 587 442 cyathos,
611 357 653 421 ad
674 376 900 439 numerumque
922 356 1042 421 bibunt.
1202 374 1234 422 10

158 462 301 529 invenies
322 461 395 543 illic,
419 461 472 543 qui
494 460 637 526 Nestoris
659 460 767 526 ebibat
788 479 897 540 annos,

201 584 282 647 quae
304 564 345 629 sit
366 584 423 648 per
445 564 558 629 calices
580 564 665 628 facta
687 562 810 646 Sibylla
831 582 912 628 suns.

156 667 220 732 illic
242 672 274 732 et
296 672 433 748 cantant,
457 665 605 749 quicquid
627 664 764 730 didicere
786 665 925 746 theatris,

201 776 233 835 et
253 769 372 834 iactant
394 769 504 834 faciles
526 768 568 833 ad
590 789 648 833 sua
668 769 768 833 verba
789 788 901 833 manus

158 877 190 937 et
210 871 329 937 ducunt
350 871 451 957 posito
473 870 568 937 duras
590 879 709 936 cratere
732 870 871 952 chereas,

201 976 345 1057 cultaque
369 975 490 1052 diffusis
513 975 607 1039 saltat
629 974 731 1039 amica
754 974 859 1040 comis.

159 1098 229 1143 cunr
251 1077 392 1159 redeunt,
415 1078 553 1142 titubant
575 1083 606 1142 et
628 1083 701 1142 sunt
724 1078 905 1161 spectacula
926 1077 1022 1162 vulgi,

201 1187 233 1246 et
254 1182 428 1246 fortunatos
450 1180 545 1245 obvia
566 1183 660 1246 turba
681 1186 783 1244 vocat.

159 1283 277 1348 occurri
299 1303 407 1367 nuper.
442 1284 513 1349 visa
534 1289 582 1347 est
604 1282 680 1346 mihi
703 1283 801 1367 digna
822 1284 921 1349 relatu

201 1406 329 1470 pompa:
353 1406 461 1451 senem
483 1392 591 1469 petum
612 1391 688 1470 puta
709 1385 854 1451 trahebat
875 1405 963 1451 anus.
1202 1403 1237 1452 au

159 1509 240 1571 quae
262 1496 368 1553 tamen
390 1487 470 1553 haec
493 1487 625 1570 dearsit,
650 1488 797 1571 quoniam
819 1489 995 1554 rumoribus
1017 1494 1109 1571 errat,

201 1590 309 1655 fabula
329 1591 488 1676 preposite
510 1592 597 1656 nulla
617 1590 756 1675 tegenda
778 1611 858 1658 mec.

158 1699 277 1760 arserat
298 1694 425 1758 Aeneae
447 1693 530 1759 Dido
551 1694 738 1759 miserabilis
758 1694 843 1779 igne,

201 1802 321 1862 arserat
342 1796 509 1862 exstructis
530 1795 564 1860 in
587 1817 645 1861 sua
666 1796 732 1861 fata
755 1797 848 1880 rogis,

160 1900 411 1984 compositusque
435 1897 524 1980 cinis,
548 1899 721 1981 tumulique
743 1899 777 1963 in
799 1919 954 1964 marmore
977 1919 1102 1963 carmen
1204 1917 1237 1966 25
1277 1968 1279 1975 q

203 2001 263 2066 hnc
285 2001 391 2082 breve,
416 2001 499 2084 qued
521 2001 658 2066 moriens
679 2002 750 2085 ipsa
771 2002 904 2084 reliquit,
929 2008 1008 2066 erat:

161 2105 315 2188 ‘praebuit
336 2106 462 2170 Aeneas
485 2109 517 2168 et
538 2124 666 2168 eausam
688 2104 796 2169 mertis
819 2109 850 2168 et
873 2124 989 2186 ensem,

202 2207 272 2291 ipsa
293 2227 350 2272 sua
371 2205 454 2272 Dido
476 2205 612 2271 concidit
633 2227 691 2271 usa
712 2202 830 2271 manu.>

159 2310 301 2393 protinus
321 2308 477 2373 invadunt
498 2308 655 2373 Numidae
678 2309 747 2374 sine
768 2308 894 2374 vindice
916 2329 1057 2394 regnum,

203 2418 235 2477 et
256 2412 373 2497 potitur
395 2419 488 2495 capta
509 2412 636 2476 Maurus
657 2412 752 2476 Iarba
773 2411 865 2477 demo
1202 2429 1236 2479 eo

160 2534 257 2597 seque
278 2535 398 2580 memor
419 2520 557 2599 spretum
579 2507 737 2580 ‘thalamis
762 2509 879 2581 tamen’
900 2515 1003 2597 inquit
1023 2507 1156 2581 ‘Elissae

204 2637 243 2682 en
266 2637 334 2701 ege,
359 2636 452 2699 quem
475 2617 590 2682 totiens
611 2617 748 2703 reppulit
769 2617 831 2699 illa,
855 2611 961 2683 fruor.³

161 2720 329 2803 diffugiunt
350 2721 449 2803 Tyrii,
473 2740 534 2802 quo
557 2739 712 2804 quemque
734 2720 801 2805 agit
824 2740 916 2801 error,
939 2725 974 2784 ut
995 2720 1069 2785 clim

203 2822 319 2887 amisso
342 2822 456 2887 dubiae
477 2842 553 2905 rege
574 2829 731 2906 vagantur
752 2842 839 2908 apes.

160 2925 254 2990 tertia
274 2925 440 2990 nudandas
462 2931 628 3009 acceperat
649 2945 723 2991 arca
744 2945 873 3008 messes,

203 3027 300 3111 inque
321 3048 416 3093 caves
438 3028 540 3093 ierant
561 3028 654 3093 tertia
676 3035 781 3094 musta
802 3030 903 3094 lacus:

161 3131 287 3215 pellitur
308 3130 403 3195 Anna
424 3129 516 3195 domo
537 3131 766 3214 lacrimansque
789 3132 906 3198 sororia
926 3133 1040 3215 linquit

204 3234 337 3298 maenia.
372 3254 542 3318 germanae
564 3234 647 3300 iusta
667 3233 723 3300 dat
744 3241 820 3299 ante
842 3255 927 3301 suae.

162 3336 263 3400 mixta
283 3336 397 3401 bibunt
418 3337 526 3402 molles
549 3337 686 3403 lacrimis
707 3343 871 3421 unguenta
892 3337 1028 3402 favillae.

205 3438 323 3503 vertice
344 3438 458 3504 libatas
480 3438 701 3523 accipiuntque
725 3460 838 3505 comas.
1205 3458 1240 3507 11

163 3546 272 3622 terque
294 3533 403 3605 ‘valer'
424 3539 516 3622 dixit,
542 3541 663 3608 eineres
685 3550 734 3608 ter
756 3543 798 3608 ad
820 3562 874 3608 ora
896 3543 1009 3607 relatos

205 3642 332 3726 pressit;
356 3649 388 3707 et
410 3650 457 3708 est
477 3644 539 3709 illis
562 3646 630 3710 risa
652 3647 785 3712 subesse
807 3665 902 3712 soror.

163 3749 278 3808 nancta
298 3751 399 3809 ratem
421 3747 613 3828 comitesque
635 3745 733 3834 fugae
755 3748 838 3833 pede
860 3746 976 3812 labitur
997 3764 1107 3828 aequo,
