2934 4117
472 196 511 251 18.
530 194 664 265 libitoque
683 197 735 252 aab
754 196 860 254 burdo.
944 253 947 259 Δ

153 365 314 448 intibaque
337 371 369 430 et
390 366 481 431 radix
504 374 538 431 et
557 367 647 433 lactis
669 389 774 435 massa
796 371 896 436 coacti

153 488 274 551 ovaque
295 488 358 533 non
380 469 445 534 acri
467 469 578 535 leviter
599 478 725 536 versata
747 471 864 553 favilla,

153 571 259 636 omnia
279 571 436 637 fictilibus.
481 572 652 656 posthaec
674 574 813 640 caelatus
835 575 945 641 eodem

153 674 272 739 sistitur
293 680 423 759 argento
447 681 548 740 crater
569 675 784 760 fabricataque
806 678 880 761 fago

153 777 274 860 pocula,
298 797 360 860 qua
382 797 461 842 cava
483 784 564 859 sunt,
587 778 777 845 flaventibus
799 781 878 845 illita
900 781 988 847 ceris.

154 899 252 962 parva
274 899 361 944 mora
383 885 439 961 est,
463 880 633 963 epulasque
655 881 717 946 foci
740 883 853 947 misere
876 884 1023 948 calentes.

154 1001 213 1047 nec
233 982 287 1072 ¹⁰¹l
309 1002 347 1047 ae
368 1002 474 1048 rursus
495 982 671 1047 referuntur
692 984 768 1048 vina
791 991 937 1050 senectae
1121 980 1124 984 ⁵

153 1003 415 1170 dantqucglpcum
437 1086 554 1150 mensis
576 1087 703 1170 paulum
726 1086 856 1152 seducta
878 1087 1032 1153 secundis.
1047 1134 1062 1162 1

155 1186 205 1251 hic
227 1207 303 1267 nux,
325 1186 377 1251 hic
399 1187 499 1252 mixta
521 1193 569 1253 est
589 1189 712 1272 rugosis
734 1190 837 1254 carica
858 1190 970 1273 palmis
1129 1186 1132 1191 ⁴

154 1309 316 1374 prunaque
339 1291 425 1354 etin
446 1290 562 1374 patulis
583 1290 757 1356 redolentia
778 1293 862 1356 mala
884 1292 1027 1359 canistris
1075 1316 1078 1322 ·

71 1379 74 1384 ’
155 1398 186 1456 et
208 1391 229 1456 d
291 1393 433 1476 urpureis
456 1393 604 1457 collectae
626 1394 744 1459 vitibus
765 1414 855 1459 uvae.

62 1510 66 1515 '
155 1412 362 1583 candeifflssqn
384 1494 487 1560 medio
509 1495 602 1561 favus
624 1503 680 1561 est,
714 1517 820 1581 ,super
842 1498 948 1562 omnia
969 1498 1074 1563 vultus
1153 1542 1156 1549 -

154 1616 314 1662 accessere
336 1586 411 1662 boni
433 1618 492 1663 nec
512 1597 598 1664 iners
620 1618 801 1683 pauperque
822 1601 977 1664 voluntas.

197 1702 322 1767 Interea
343 1701 458 1766 totiens
479 1700 626 1766 haustum
649 1709 769 1767 cratera
790 1702 902 1786 repleri

156 1809 267 1887 sponte
289 1822 347 1868 sua
369 1822 426 1887 per
448 1823 544 1886 seque
565 1803 675 1869 vident
698 1824 893 1869 succrescere
915 1806 999 1870 vina.

127 1963 131 1970 .
155 1905 278 1971 attoniti
300 1906 440 1971 novitate
460 1914 579 1990 pavent
600 1904 808 1990 manibusque
830 1908 951 1992 supinis

156 2008 335 2092 concipiunt
356 2008 533 2091 Baucisque
554 2028 664 2093 preces
685 2008 875 2091 timidusque
897 2010 1060 2075 Philemon

156 2117 188 2175 et
210 2111 335 2175 veniam
357 2110 491 2196 dapibus
512 2112 669 2194 nullisque
691 2112 853 2196 paratibus
875 2119 974 2177 orant.
1097 2180 1099 2183 ,
1161 2163 1163 2166 ⁴

156 2214 266 2278 unicus
288 2233 381 2279 anser
402 2220 477 2295 erat,
500 2214 649 2279 minimae
672 2213 814 2279 custodia
836 2215 943 2281 villae:

157 2335 249 2397 quem
272 2314 321 2380 dis
342 2315 518 2400 hospitibus
539 2315 658 2381 domini
681 2323 818 2381 mactare
840 2318 1003 2400 parabant.
1120 2314 1124 2321 '

158 2418 208 2482 ille
231 2419 313 2482 celer
334 2438 446 2502 penna
461 2419 567 2484 tardos
588 2426 692 2484 aetate
714 2420 828 2503 fatigat

158 2519 316 2603 eluditque
338 2520 392 2586 diu
415 2520 606 2604 tandemque
629 2528 676 2587 est
698 2522 784 2588 visus
806 2521 848 2586 ad
870 2523 954 2606 ipsos

158 2623 342 2707 confugisse*
357 2623 441 2689 deos.
487 2625 591 2709 superi
613 2631 741 2689 vetuere
764 2626 870 2690 necari

158 2719 211 2790 ‘di’
234 2747 294 2809 que
316 2720 443 2808 ‘sumus
467 2728 657 2810 meritasque
677 2727 743 2793 luet
764 2728 881 2792 vicinia
902 2747 1022 2812 poenas

37 2867 39 2869 -
157 2823 263 2912 impia’
286 2829 447 2914 dixerunt5
470 2824 572 2895 ‘vobis
593 2830 785 2895 immunibus
808 2829 899 2895 huius
1002 2853 1005 2856 ’

159 2951 227 2996 esse
249 2932 323 2996 mali
346 2931 478 2996 dabitur.
524 2932 616 2997 modo
638 2940 744 2998 vestra
765 2933 931 3014 relinquite
954 2938 1037 2997 tecta

159 3056 195 3100 ac
217 3041 338 3101 nostros
360 3036 505 3100 comitate
526 3035 644 3121 gradus
665 3036 752 3101 etin
774 3035 873 3099 ardua
894 3036 1008 3099 montis

159 3138 201 3202 ite
223 3122 336 3204 simul?
364 3146 477 3224 parent
498 3140 591 3203 ambo
614 3139 795 3221 baculisque
817 3138 914 3202 levati

159 3242 299 3306 nituntur
319 3242 413 3325 longo
435 3242 569 3326 vestigia
590 3262 707 3327 ponere
729 3242 820 3306 clivo.

200 3345 337 3409 Tantum
360 3346 493 3411 aberant
513 3365 643 3426 summo,
667 3351 824 3429 quantum.
840 3346 937 3410 semel
958 3346 1004 3409 ire
1027 3346 1142 3428 sagitta

159 3448 255 3512 missa
276 3454 392 3532 potest:
414 3447 533 3514 flexere
554 3449 659 3514 oculos
680 3455 715 3514 et
735 3468 838 3514 mersa
859 3447 973 3532 palude

161 3556 265 3615 cetera
286 3551 488 3635 prospiciunt,
511 3558 633 3616 tanturn
656 3571 714 3616 sua
736 3557 820 3616 tecta
842 3570 978 3615 manere.
1201 3569 1233 3617 75

160 3652 296 3735 dumque
319 3673 356 3717 ea
377 3654 538 3734 mirantur,
562 3646 636 3717 dum
658 3652 776 3718 deflent
798 3653 864 3718 fata
886 3652 1021 3732 suorum,
1049 3710 1051 3715 .
1074 3649 1078 3653 ’
1179 3647 1206 3705 ἶ

160 3755 214 3818 illa
235 3761 335 3837 vetus,
358 3755 502 3820 dominis
516 3756 611 3820 ctiam
634 3754 708 3820 casa
729 3775 829 3839 parva
851 3754 975 3820 duobus
1052 3800 1056 3806 -
1200 3801 1204 3806 -
