2934 4117
513 155 554 208 lo.
578 151 687 220 bericus
706 152 758 208 uub
777 150 862 206 briae.

175 347 305 409 cumque
328 346 421 411 super
442 325 581 408 Libycas
606 325 704 389 victor
725 323 879 407 penderet
900 324 1043 407 harenas,

175 429 329 514 Gorgonei
353 429 464 514 eapitis
486 435 594 512 guttae
618 426 760 492 cecidere
783 434 940 508 cruentae,

141 545 142 548 ’
174 554 251 615 quas
273 532 387 598 humus
410 538 560 616 exceptas
582 531 686 596 varios
707 531 860 595 animavit
882 532 914 595 in
937 552 1072 617 angues,

174 636 257 700 unde
278 636 427 717 frequens
449 635 503 699 illa
526 642 573 700 est
594 635 773 716 infestaque
795 640 878 698 terra
901 635 1042 699 colubris.

173 739 248 804 inde
270 759 327 823 per
348 739 537 804 immensum
559 738 664 802 ventis
687 737 883 803 discordibus
904 744 994 802 aetus

174 862 258 906 nunc
280 841 350 924 hnc,
375 862 459 906 nunc
481 841 554 906 illuc
576 842 722 925 exemplo
746 841 839 906 nubis
861 860 997 922 aquosae

174 944 271 1009 fertur
293 951 325 1010 et
347 965 388 1010 ex
410 945 474 1009 alto
496 943 642 1009 seductas
663 943 792 1009 aethere
813 944 908 1028 longe

174 1047 338 1132 despectat
361 1054 460 1113 terras
482 1054 644 1129 totumque
667 1047 847 1129 supervolat
869 1049 985 1112 orbern.

173 1157 221 1214 ter
242 1149 364 1234 gelidas
386 1151 507 1232 Arctos,
530 1157 578 1215 ter
602 1149 715 1216 Cancri
738 1149 886 1215 bracchia
907 1150 995 1230 vidit,

173 1273 269 1337 saepe
291 1256 349 1320 sub
372 1273 510 1334 occasus,
534 1273 629 1338 saepe
652 1258 700 1318 est
721 1253 846 1318 ablatus
867 1253 901 1317 in
924 1260 1017 1318 ortus.

173 1357 299 1437 iamque
322 1355 455 1422 cadente
477 1355 529 1421 die
551 1356 670 1421 veritus
692 1374 727 1420 se
750 1355 877 1420 eredere
899 1356 984 1420 noeti

173 1459 312 1524 constitit
334 1459 497 1543 Hesperio,
519 1460 627 1542 regnis
649 1459 797 1539 Atlantis,
819 1459 852 1522 in
875 1461 950 1524 orbe

173 1562 385 1644 exiguamque
406 1562 487 1646 petit
507 1562 658 1643 requiem,
682 1561 757 1626 dum
779 1560 905 1626 Lucifer
926 1562 1017 1644 ignes

174 1672 285 1729 evocet
305 1666 455 1747 Aurorae,
480 1685 586 1731 currus
608 1670 727 1730 Aurora
750 1663 886 1730 diurnos.

173 1767 225 1832 hie
247 1767 408 1833 hominum
431 1776 560 1833 cunctos
581 1768 703 1852 ingenti
727 1788 855 1852 corpore
877 1774 1042 1851 praestans

172 1870 387 1954 Iapetionides
407 1871 496 1937 Atlas
517 1870 585 1936 fuit.
610 1871 719 1935 ultima
741 1871 834 1935 tellus

172 1994 248 2057 rege
270 1976 328 2040 sub
351 1974 411 2039 hoc
433 1980 465 2039 et
486 1981 600 2059 pontus
623 1982 699 2055 erat,
723 1975 777 2056 qui
799 1975 880 2040 Solis
902 1975 1024 2039 anhelis

174 2097 312 2159 aequora
335 2078 441 2144 subdit
464 2079 552 2160 equis
575 2084 607 2143 et
629 2079 729 2142 fessos
753 2077 872 2161 exeipit
893 2099 981 2143 axes.

173 2181 258 2245 mille
279 2200 394 2264 greges
414 2181 460 2246 1111
482 2182 675 2263 totidemque
695 2188 840 2246 armenta
861 2202 918 2264 per
938 2181 1054 2245 herbas

175 2284 331 2363 errabant,
356 2289 387 2347 et
409 2283 538 2348 humum
560 2284 677 2349 ricinia
698 2285 787 2349 nulla
808 2285 1002 2367 premebant.

173 2387 324 2452 arboreae
347 2386 474 2452 frondes
496 2408 571 2452 auro
593 2387 737 2451 radiante
760 2388 897 2452 nitentes

175 2509 216 2554 ex
238 2510 314 2554 auro
336 2510 450 2571 ramos,
474 2510 514 2554 ex
536 2511 612 2555 auro
635 2511 729 2574 poma
752 2492 912 2572 tegebant,

217 2584 372 2676 ‘Hospes',
394 2592 440 2657 ait
461 2594 596 2658 Perseus
617 2593 671 2673 illi,
695 2586 761 2657 ‘seu
784 2594 883 2677 gloria
904 2595 1007 2676 tangit

174 2701 206 2759 te
227 2696 353 2778 generis
375 2696 492 2780 magni,
514 2694 641 2779 generis
662 2696 740 2760 mihi
761 2696 902 2781 Iuppiter
923 2704 1045 2781 auetor3

174 2798 242 2862 sive
265 2818 299 2863 es
312 2800 448 2880 ,mirator
471 2819 584 2879 rerum,
607 2798 762 2865 mirabere
784 2806 914 2864 nostras.

174 2899 344 2983 hospitium
367 2900 569 2982 requiemque
591 2897 686 2985 peto'
708 2921 828 2965 memor
850 2901 901 2965 ille
924 2907 1066 2965 vetustae

174 3004 266 3068 sortis
289 3010 369 3088 erat,
392 3002 522 3068 Themis
544 3002 627 3068 hane
649 3003 780 3068 dederat
801 3005 953 3069 Parnasia
974 3012 1102 3069 sortem:

175 3099 319 3191 ‘tempus
342 3106 425 3185 Atla,
450 3105 565 3186 veniet,
588 3113 642 3170 tua
665 3126 725 3187 quo
749 3107 932 3190 spoliabitur
954 3127 1028 3171 auro

173 3210 268 3274 arbor
290 3216 321 3273 et
343 3209 428 3273 hunc
450 3208 588 3293 praedae
610 3210 733 3273 titulum
757 3211 833 3274 Iove
855 3216 948 3274 natus
970 3207 1119 3274 babebit‘

174 3311 207 3376 id
230 3319 374 3377 metuens
398 3311 505 3378 solidis
526 3313 668 3396 pomaria
690 3314 845 3378 clauserat
866 3315 956 3377 Atlas

175 3416 340 3481 moenibus
364 3420 396 3479 et
419 3421 508 3479 vasto
532 3414 661 3479 dederat
684 3416 840 3480 servanda
863 3416 991 3480 draconi

175 3520 365 3600 arcebatque
388 3517 452 3583 suis
475 3524 622 3583 externos
644 3518 759 3583 finibus
780 3539 897 3583 omnes.

176 3621 248 3687 huie
271 3641 405 3704 quoquo
419 3614 511 3686 ‘vade
533 3623 649 3706 procul,
673 3643 714 3686 ne
736 3624 830 3704 longe
851 3622 951 3706 gloria
972 3642 1084 3705 rerum,

176 3745 270 3806 quam
292 3720 446 3788 mentiris'
468 3724 521 3804 ait,
545 3717 648 3808 ‘longe
670 3724 729 3787 tibi
752 3725 892 3807 Iuppiter·
914 3720 1020 3805 absit,

1218 3642 1250 3687 35
