2934 4117
277 192 374 249 XXII
642 203 748 257 Versus
765 204 944 257 memoriales.

552 375 579 434 c.
596 377 680 436 firm
699 375 769 441 utar
788 376 833 442 tat
849 376 910 441 aaa
926 376 1027 433 satta

277 495 356 577 Igne
379 495 453 578 quid
468 496 605 572 utilius?
628 496 726 577 siquis
748 501 856 558 tamen
879 515 968 558 urere
990 500 1075 559 tecta

321 606 489 680 comparat,
512 598 648 663 audaces
670 598 795 663 instruit
816 597 890 680 igne
913 618 1033 662 manus.

279 700 370 783 cripit
392 700 558 782 interdurn,
582 700 674 765 ruodo
697 700 752 764 dat
774 698 931 764 medicina
954 701 1096 779 salutem,

322 823 464 885 quaeque
486 804 581 884 iuvet,
605 810 767 884 monstrat,
792 821 934 884 quaeque
957 803 998 867 sit
1019 802 1118 867 herba
1140 822 1264 869 nocens.

279 913 310 970 ct
332 907 412 970 latro
435 914 466 970 et
488 913 597 971 cautus
620 906 832 990 praecingitur
855 925 931 970 ense
953 906 1068 970 viator:
1338 904 1355 957 5

321 1010 373 1074 ille
396 1009 451 1074 sed
474 1010 614 1091 insidias,
637 1009 689 1073 hic
711 1010 772 1073 sibi
794 1015 898 1092 portat
920 1028 1021 1091 opern.

280 1111 418 1194 discitur,
439 1113 592 1178 innocuas
614 1119 649 1176 ut
671 1119 746 1196 agat
768 1110 917 1176 facundia
940 1132 1063 1177 causas:

323 1216 459 1298 protegit
481 1216 560 1279 haec
583 1221 697 1295 sontes,
721 1215 954 1295 immeritosque
976 1216 1098 1298 premit.

652 1401 678 1460 9.
696 1404 774 1462 altas
791 1402 840 1471 ftis
857 1401 937 1460 cett!

282 1542 372 1620 Cura,
396 1540 471 1622 quid
495 1540 652 1623 expediat,
675 1540 761 1623 prius
784 1547 841 1620 est,
865 1560 958 1621 quarn
982 1538 1057 1621 quid
1077 1539 1118 1604 sit
1132 1538 1309 1620 honestum,
1342 1597 1343 1600 ,

325 1627 356 1708 et
378 1665 448 1708 cum
471 1644 595 1708 fcrtuna
617 1649 742 1724 statque
765 1643 911 1724 caditque
932 1641 1021 1708 fides.

282 1767 340 1811 nec
362 1746 453 1810 facile
475 1746 620 1811 invenias
642 1746 748 1810 multis
770 1744 811 1809 de
833 1745 958 1810 milibus
981 1765 1088 1827 unum,
1146 1791 1147 1794 ,

325 1851 471 1912 virtutem
493 1850 628 1932 pretium
651 1850 704 1930 qui
727 1855 816 1932 putet
839 1868 908 1912 esse
931 1849 988 1912 sui.

193 1976 194 1979 ¹
282 1955 349 2035 ipse
371 1950 474 2031 decor,
496 1958 581 2015 recte
603 1950 679 2014 facti
702 1950 728 2015 si
751 1951 891 2033 praemia
913 1949 1026 2029 desint,

325 2074 388 2118 ncn
410 2059 525 2133 movet,
550 2061 581 2117 et
602 2053 703 2142 gratiss
723 2054 865 2136 paenitet
887 2072 957 2117 esse
980 2056 1120 2136 probum.

594 2239 636 2299 1⁰.
653 2242 741 2307 matt
759 2241 826 2298 ttr’s
843 2241 909 2307 attat
926 2255 956 2308 {c
974 2242 1052 2307 tetta.

282 2364 320 2427 In
343 2382 438 2427 causa
459 2361 546 2428 facili
568 2362 667 2426 cuivis
689 2361 763 2426 licet
784 2380 854 2426 esse
877 2361 1036 2440 disertum,

327 2471 358 2529 et
380 2464 529 2529 minimae
551 2465 634 2529 vires
657 2465 804 2546 frangere
828 2483 942 2545 quassa
964 2464 1079 2527 valent.

284 2568 432 2633 subruere
455 2574 503 2632 cst
524 2587 612 2634 arces
635 2573 666 2632 et
688 2567 804 2631 stantia
826 2566 950 2630 moenia
972 2566 1084 2649 virtus;

327 2669 457 2751 quilibet
477 2670 586 2753 ignavi
607 2669 814 2755 praecipitata
834 2674 989 2753 premunt.
